2609 4017
505 210 725 276 -33..

100 374 180 435 bene
200 374 270 435 lacit
289 381 465 435 centaureae
480 376 580 435 tenuis
599 392 691 434 sucus
710 392 778 435 cum
793 381 877 434 aceto
892 373 986 435 calido
1001 376 1118 438 inlusus

101 465 202 543 capiti.
250 462 294 523 bd
321 464 427 542 capitis
454 462 612 523 molestum
641 470 671 523 et
699 462 849 523 diutinum
871 461 1005 524 dolorem
1029 465 1119 525 medi·
1137 475 1173 525 38

100 554 220 613 camina
243 552 320 611 inira
345 553 455 630 scripta
479 552 583 612 iacies:
606 550 740 612 Hederae
764 552 867 629 nigrae
890 551 960 612 lolia
981 555 1053 614 trita
1071 554 1120 615 ad·

101 643 197 701 mixto
222 647 313 721 aceto,
337 640 411 719 oleo,
436 642 513 721 vino,
536 642 639 719 eequis
663 639 861 720 portionibus,
884 641 963 720 quod
982 642 1120 725 sufficiat,

71 731 136 789 sin
169 728 288 789 vasculo
317 728 450 808 quolibet
479 730 593 790 fervere
622 730 713 789 lacies
740 747 774 789 ac
803 738 906 807 postea
933 731 1062 791 frontem
1090 739 1120 793 et

100 826 239 897 tempora
263 817 347 879 lines.
395 819 515 879 Cicutae
539 816 608 878 lolia
631 826 682 878 aut
705 818 731 877 si
756 817 826 878 lolia
848 836 909 879 non
932 819 1051 901 luerint,
1075 839 1120 881 ra·

100 908 202 967 dicem
231 908 295 967 eius
323 913 403 967 teres
433 915 463 967 et
490 907 580 968 lrouti
608 906 717 967 inlines
749 913 801 968 aul
827 908 860 967 in
887 907 1013 968 saccello
1041 907 1120 969 lineo

100 996 141 1055 ad
165 995 293 1057 frontem
312 996 485 1073 suspendes,
521 995 609 1056 Alces
630 987 670 1081 ‘9‘
690 994 740 1075 Vl,
763 997 845 1055 croci
865 988 905 1081 ιβ
924 995 972 1077 Vl,
992 1001 1121 1076 gummis

102 1078 146 1171 9¹
176 1083 225 1167 Vl,
258 1083 358 1146 albim]
389 1086 437 1144 ovi
470 1092 499 1145 et
527 1083 643 1145 cocleas
671 1085 802 1144 minutas
829 1102 955 1145 numero
978 1084 1015 1166 V,
1047 1085 1121 1147 baec

55 1192 84 1231 ιο
101 1176 244 1234 universa
268 1182 405 1234 conteres
428 1175 458 1233 in
483 1176 625 1233 mortario
649 1190 815 1233 marmoreo
839 1180 869 1233 et
887 1181 972 1234 aceto
991 1174 1121 1235 admixto

101 1264 199 1323 fronti
220 1261 336 1323 inlines.
373 1262 520 1322 Rasameu
542 1268 652 1341 pastae,
677 1261 756 1340 quod
779 1263 811 1321 in
834 1262 950 1340 magide
972 1263 1121 1345 adhaeret,

103 1344 147 1437 9¹
163 1349 199 1409 Vl
219 1358 248 1411 et
265 1359 364 1412 cretae
380 1343 420 1437 pl·
435 1349 472 1409 Vl
492 1358 522 1411 et
540 1349 698 1412 bulborum
718 1352 904 1411 insectorum
920 1344 960 1438 pi·
974 1350 1015 1411 lll
1033 1354 1121 1413 tritos

102 1447 137 1499 et
164 1438 322 1501 medullam
350 1441 411 1500 sive
438 1439 572 1500 vitellum
601 1441 648 1499 ovi
671 1438 819 1519 gallinacii
847 1447 986 1501 conteres
1010 1443 1122 1519 pariter

102 1547 142 1588 ex
171 1536 254 1589 aceto
283 1537 313 1589 et
340 1528 432 1588 fronti
458 1528 576 1590 inlines.
621 1526 701 1588 Muri
729 1526 888 1589 cerebrum
915 1529 1002 1590 tolles
1030 1538 1060 1590 et
1089 1532 1122 1590 in

58 1636 87 1675 15
103 1619 176 1678 vino
196 1619 296 1677 mittes
315 1635 348 1677 ao
368 1625 549 1677 maceratum
569 1624 599 1677 et
612 1618 719 1677 tritum
732 1616 825 1677 fronti
843 1616 959 1677 inlines.
997 1616 1123 1678 Euforbi

105 1698 148 1791 19·
163 1704 184 1783 l,
199 1708 281 1766 croci
295 1698 335 1791 ξι
351 1704 386 1764 Vl
404 1707 550 1783 permisce
569 1723 638 1765 curn
653 1713 738 1765 aceto
757 1714 787 1765 et
801 1707 913 1783 pariter
927 1705 1004 1766 bene
1018 1708 1123 1766 tritum

104 1796 200 1855 lronti
222 1794 323 1855 inline.
360 1794 494 1855 Hederae
518 1812 609 1855 sucus
634 1794 745 1854 densus
768 1793 859 1853 lronti
883 1800 913 1853 et
937 1794 1123 1874 temporibus

104 1882 245 1943 inlinitur
264 1894 293 1943 et
312 1900 380 1944 cum
400 1884 528 1943 siccatus
547 1883 647 1962 fuerit,
666 1884 775 1943 iterum
795 1881 944 1963 inlinitur,
967 1902 1027 1962 quo
1046 1884 1123 1945 lacto

106 1971 205 2033 dolori
220 1974 325 2051 capitis
340 1978 478 2051 potenter
493 1971 677 2032 subvenitur.
702 1972 747 2032 dd
762 1972 1002 2049 conpescendum
1017 1976 1123 2052 capitis
1143 1984 1176 2033 aa

60 2078 89 2118 eo
106 2059 242 2121 dolorem
270 2060 409 2139 pollinem
438 2062 515 2121 turis
540 2079 609 2121 cum
631 2062 707 2120 visci
734 2060 865 2139 scripulo
893 2062 1005 2139 pariter
1033 2062 1124 2123 fronti

104 2148 209 2209 inline.
247 2148 331 2219 Quod
347 2152 373 2210 si
387 2148 488 2209 dolore
508 2149 639 2211 medium
659 2157 749 2229 caput
767 2148 839 2209 findi
858 2148 1015 2231 ridebitur,
1034 2149 1124 2212 bede·
1142 2161 1178 2209 40

106 2256 173 2299 ram
201 2238 351 2299 contunde
375 2256 408 2298 ae
433 2256 538 2299 sucum
562 2240 627 2298 eius
651 2238 716 2299 oleo
739 2256 862 2299 rosaceo
885 2240 978 2299 misce
1002 2247 1124 2300 etcum

106 2326 231 2387 linteolo
253 2326 365 2387 mundo
389 2326 481 2387 fronti
503 2327 650 2407 inducito,
673 2335 807 2406 tempora
831 2345 950 2405 quoque
974 2345 1011 2387 ex
1034 2346 1069 2388 eo
1094 2335 1124 2387 et

107 2433 198 2476 nares
216 2433 363 2496 perunge,
387 2415 466 2494 quod
487 2417 513 2475 si
531 2418 648 2494 gravior
667 2415 752 2476 dolor
770 2417 870 2496 luerit,
890 2417 978 2475 etiam
998 2416 1125 2477 cerebro

61 2521 91 2561 ss
108 2503 302 2583 superfunde.
339 2503 451 2565 Limaci
469 2503 625 2584 calculum,
646 2522 734 2583 quem
753 2507 784 2564 in
804 2506 900 2582 capite
924 2502 1022 2584 babet,
1041 2504 1124 2585 tollo3
1144 2514 1178 2562 41

108 2594 190 2672 quod
215 2611 275 2654 non
298 2592 383 2654 facile
407 2593 511 2674 facies,
540 2595 600 2653 nisi
627 2595 669 2672 ei,
697 2592 768 2653 dum
792 2594 823 2652 iu
846 2594 892 2651 via
916 2594 1007 2672 repit,
1036 2600 1126 2671 caput

109 2681 210 2743 subito
234 2681 523 2760 abscideriszouem
547 2680 674 2761 lapidem
694 2680 835 2760 quamdiu
857 2687 956 2740 tecum
975 2679 1125 2761 habueris,

108 2788 273 2850 numquam
297 2770 389 2831 ullum
414 2770 546 2831 dolorem
570 2771 679 2848 capitis
701 2787 756 2830 nec
780 2769 891 2829 senties
915 2786 970 2829 nec
994 2770 1126 2848 patieris.

108 2859 201 2920 Lauri
224 2858 312 2920 bacas
330 2877 455 2920 numero
475 2859 498 2918 V
517 2878 552 2920 ex
572 2865 657 2919 aceto
676 2865 797 2920 contere
816 2867 867 2919 aut
885 2865 1000 2937 septem
1019 2857 1125 2937 pilulas
1144 2868 1178 2917 42

66 2965 95 3005 so
111 2951 255 3009 stercoris
279 2949 393 3027 caprini
416 2966 452 3008 ex
475 2956 558 3009 aceto
584 2955 649 3008 tere
673 2956 703 3008 et
726 2948 816 3009 lronti
840 2946 940 3007 inline.
977 2946 1075 3008 Herba
1095 2950 1125 3008 in
1145 2958 1179 3006 43

110 3039 209 3116 capite
224 3044 337 3097 statuae
352 3035 512 3097 cuiuslibet
526 3039 609 3097 nasci
623 3035 707 3118 solet,
717 3055 751 3097 ea
766 3037 958 3098 decrescente
972 3036 1043 3097 luna
1057 3036 1126 3097 sub-

109 3126 168 3188 lata
192 3128 342 3205 capitique
366 3125 568 3205 circumligata
592 3123 725 3185 dolorem
744 3125 834 3206 tollit,
858 3127 1018 3186 emicranio
1037 3127 1127 3186 etiam

111 3215 274 3275 efficaciter
293 3214 439 3295 medetur,
463 3216 537 3275 siin
557 3232 654 3293 panno
673 3215 740 3274 rulo
759 3214 819 3274 lino
844 3215 910 3275 rulo
928 3212 1018 3292 ligata
1036 3216 1127 3292 capiti

110 3303 158 3364 vel
172 3302 357 3382 temporibus
372 3302 516 3382 alligetur.
545 3302 685 3363 Radicem
701 3303 890 3383 atractylidos
903 3301 1023 3383 berbae,
1038 3320 1127 3381 quam
1145 3314 1181 3363 44

68 3408 96 3448 ss
112 3394 208 3453 nostri
236 3392 378 3452 carduum
407 3402 527 3470 vocant,
556 3390 603 3451 vel
631 3393 695 3451 eius
723 3410 838 3452 ramum
867 3390 913 3451 vel
935 3391 1040 3452 florem
1064 3393 1126 3452 acia

184 3579 316 3649 aoapud.
372 3579 488 3638 selues.
543 3585 577 3635 28
592 3577 659 3633 ullo.
715 3585 749 3633 32
764 3579 926 3649 emigranio.
974 3586 1009 3634 33
1022 3578 1127 3649 legata.

166 3680 327 3733 mannans,
340 3689 379 3721 nn.
393 3681 548 3720 Hanunea.
951 3673 967 3721 3

1142 3769 1257 3971 s
