2609 4017
562 168 601 178 -
649 131 802 197 284-

121 308 156 357 64
263 293 380 356 Herhae
413 295 633 375 quinquefoliae
663 295 748 355 radix
775 296 807 354 16
833 292 940 355 umbra
968 294 1098 353 66616666
1121 309 1194 353 con·

173 392 301 464 tusaque
328 391 358 444 et
386 402 422 444 ex
449 386 518 444 6166
544 383 682 463 polentae
710 386 774 443 vice
797 391 867 462 pota
889 385 964 443 mire
987 382 1100 462 cyliaco
1124 398 1195 441 suc·

121 484 155 535 66
174 474 279 552 currit,
297 472 350 533 sed
367 471 549 533 febricitanti
567 491 604 533 ex
623 490 698 552 aqua
715 471 809 533 calida
824 473 860 533 da
874 470 1044 532 bibendum.
1078 469 1193 550 Caprae

174 560 324 623 silvaticae
351 564 435 622 iecur
460 560 641 622 carbonibus
664 563 827 621 inassatum
851 569 881 621 et
903 579 958 640 per
980 578 1013 621 66
1036 566 1194 639 sumptum

175 650 302 730 cyliacos
320 649 465 711 remediat
482 650 622 729 idemque
641 650 804 711 arefactum
822 658 853 710 et
871 652 976 711 tritum
994 656 1107 709 etcum
1121 649 1221 707 61666

121 754 156 802 66
174 740 260 817 potui
283 737 384 799 datum
407 741 573 799 certissime
597 737 796 799 auxiliabitur.
838 739 948 800 Caseus
971 740 1072 799 siccus
1093 747 1193 797 66666-

175 828 308 887 marinus
332 834 468 889 vetustus
491 827 607 888 adiecto
631 827 680 888 sili
698 826 809 887 Gallico
833 836 863 889 et
887 826 985 888 sorbis
1008 826 1100 887 aridis
1125 824 1192 885 dili-

175 923 281 995 genter
304 914 442 977 omnibus
465 917 544 977 tritis
568 924 598 976 66
622 934 691 977 cum
714 918 775 975 6161
798 918 908 977 6666616
927 917 1057 976 66666616
1075 913 1193 994 cyathis

122 1017 155 1067 66
174 1003 292 1065 duobus
319 1006 405 1083 potui
432 1004 518 1065 datus
541 1004 669 1085 cyliacos
692 1007 767 1065 mire
792 1014 884 1066 66666.
924 1003 1016 1066 Vituli
1038 1002 1131 1082 adeps
1155 1020 1193 1063 ex

176 1094 285 1155 lemida
313 1092 427 1154 sublata
456 1112 525 1154 cum
553 1112 647 1172 aquae
675 1093 780 1173 cotylis
807 1094 905 1155 tribus
928 1093 1050 1154 decocta
1074 1102 1105 1152 et
1129 1106 1237 1151 sor-1⁰

175 1182 298 1243 bitionis
320 1200 404 1242 more
428 1188 546 1260 sumpta
570 1182 681 1262 6611666
705 1182 867 1261 plurimum
891 1181 1021 1261 prodest.

122 1283 156 1333 66
266 1269 383 1349 Cyliaco
411 1278 442 1329 et
469 1272 510 1351 ei,
539 1273 592 1349 qui
619 1269 817 1331 eiectionibus
845 1270 891 1331 661
919 1270 1072 1331 doloribus
1095 1271 1196 1329 acutis

175 1358 233 1419 6161
265 1360 355 1419 666116
386 1358 560 1440 vexabitur,
597 1367 738 1438 potenter
770 1377 946 1441 succurres,
983 1361 1009 1419 si
1043 1355 1195 1418 muliebre

176 1447 222 1509 lac
249 1464 337 1527 quam
364 1447 527 1527 plurimum
556 1450 657 1510 ieiuno
685 1450 770 1528 potui
801 1448 933 1530 dederis,
964 1448 1059 1508 donee
1089 1464 1195 1525 persa-

123 1549 157 1598 69
177 1545 275 1599 netur.
319 1535 487 1597 Haedinum
520 1536 677 1615 coagulum
709 1537 912 1615 magnitudine
943 1535 1027 1597 labae
1058 1537 1091 1595 16
1124 1538 1237 1596 616615

177 1634 291 1706 myrteo
315 1628 475 1686 remissum
504 1634 534 1686 et
560 1628 660 1687 ieiuno
689 1624 800 1704 cyliaco
827 1628 913 1705 potui
940 1625 1041 1686 datum
1064 1624 1195 1685 efficaci-

177 1722 224 1775 ter
246 1714 377 1793 prodest.

124 1815 157 1863 66
266 1801 446 1883 Membrana,
471 1820 546 1881 quae
570 1804 670 1864 estin
693 1801 860 1864 6666616616
879 1802 1012 1884 gallinae,
1031 1804 1144 1863 siccata
1165 1810 1197 1863 66

177 1893 247 1951 66166
271 1899 392 1952 etcum
416 1893 484 1951 vino
508 1898 628 1951 austero
652 1890 763 1971 cyliaco
787 1892 887 1952 ieiuno
905 1893 991 1969 potui
1008 1891 1075 1952 data
1095 1891 1196 1951 mede

177 1985 237 2060 tur,
260 1981 301 2038 ita
323 1986 358 2038 ut
380 1981 445 2057 ipsa
468 1977 574 2057 gallina
597 1981 683 2059 prius
704 1979 751 2039 661
774 1978 865 2040 biduo
884 1978 1069 2040 abstineatur
1087 1998 1103 2040 a
1121 1978 1192 2041 cibo
1210 1993 1239 2032 ²⁰

178 2075 208 2127 66
235 2069 287 2146 qui
315 2068 467 2144 potionem
494 2075 673 2146 accepturus
701 2075 762 2142 666,
789 2077 857 2129 6666
886 2069 965 2129 diem
991 2068 1077 2147 fruge
1100 2070 1141 2129 sit
1164 2077 1196 2128 66

125 2167 238 2216 61666
262 2163 357 2215 66666.
396 2152 457 2215 066
480 2157 512 2215 16
535 2164 619 2217 66666
643 2175 712 2217 cum
735 2158 821 2217 testis
840 2160 903 2217 suis
920 2165 1069 2217 macerata
1087 2165 1118 2217 et
1135 2156 1195 2217 alio

178 2244 226 2303 die
249 2244 280 2303 16
303 2242 441 2321 patellam
464 2244 562 2305 161666
585 2244 688 2324 ibique
711 2252 818 2305 testata
842 2245 961 2325 cyliacis
983 2248 1015 2305 16
1039 2244 1107 2306 cibo
1124 2246 1195 2306 data

177 2331 340 2411 plurimum
362 2341 497 2411 prosunt.

126 2433 158 2483 66
266 2419 414 2482 Pulticula
428 2422 462 2481 fit
476 2439 512 2481 ex
526 2421 600 2481 alica
612 2423 699 2500 prius
713 2429 820 2483 tostata
836 2440 923 2501 quam
937 2424 1063 2501 accipiat
1072 2440 1194 2503 aquam3
1210 2434 1241 2475 2⁵

178 2511 275 2572 161666
303 2528 374 2572 6666
402 2528 478 2590 aqua
506 2528 575 2571 cera
602 2513 727 2571 remissa
754 2510 815 2571 illic
843 2513 972 2571 mittitur
995 2518 1025 2571 et
1048 2511 1118 2572 dum
1144 2529 1194 2571 ex-

126 2611 159 2660 63
179 2600 281 2678 coquit
304 2600 470 2677 coagitatur
492 2606 522 2659 et
545 2618 561 2659 a
580 2598 691 2679 cyliaco
710 2598 803 2660 calida
823 2598 971 2660 sorbetur.
1008 2598 1089 2659 Galla
1107 2598 1193 2660 Com

178 2706 301 2765 magona
329 2686 516 2749 comburitur
545 2694 574 2748 66
601 2689 677 2747 61616
710 2690 775 2748 6166
807 2689 991 2765 extinguitur
1021 2690 1090 2748 6166
1122 2706 1194 2748 666-

178 2861 307 2922 hederae
331 2861 428 2923 tribus
451 2865 552 2942 digitis
576 2873 713 2943 sumptus
734 2864 892 2942 diligenter
910 2867 1000 2925 tritus
1018 2873 1048 2925 et
1067 2882 1104 2924 ex
1122 2867 1194 2924 6166
1206 2878 1239 2917 ω

127 2962 160 3012 66
180 2956 299 3009 6666666
327 2949 438 3029 cyliaco
462 2954 546 3031 potui
569 2953 656 3013 datus
679 2952 824 3013 medetur.
867 2952 974 3013 Serum
998 2952 1119 3014 ovillum
1142 2952 1194 3013 de

179 3046 298 3100 coctum
325 3040 357 3097 in
384 3041 452 3099 6166
480 3047 599 3101 6666666
628 3049 658 3101 66
686 3041 812 3101 calidum
839 3044 925 3121 potui
952 3041 1062 3121 cyliaco
1090 3042 1194 3103 datum
1287 3095 1288 3110 ,

178 3127 336 3188 manifesto
359 3127 491 3187 remedio
515 3131 581 3189 erit.

126 3230 160 3279 re
268 3215 370 3276 Laridi
392 3217 501 3277 6666616
524 3219 643 3295 pinguis
671 3250 708 3259 -
730 3216 783 3296 lll,
810 3217 907 3278 mellis
930 3216 1001 3278 boni
1024 3217 1194 3296 despumati

180 3305 363 3386 tantundem,
382 3306 444 3365 6161
461 3307 571 3365 6666616
590 3308 703 3367 6666661
721 3306 842 3386 cyathos
860 3314 932 3383 tres,
951 3324 1075 3367 ovorum
1094 3315 1193 3367 cocto
1207 3321 1238 3361 as
1287 3301 1288 3334 l

268 3490 385 3543 416666.
459 3497 492 3545 10
511 3489 611 3546 6661116.
686 3496 720 3546 at
740 3492 900 3561 exquoquit.
973 3499 1008 3549 30
1026 3494 1157 3550 haedere.

40 3695 174 3973 Ὗ
