2609 4017
79 368 134 441 est,
161 361 214 421 sed
243 364 330 441 prius
352 379 478 440 corpore
502 361 664 440 perfricato
687 360 752 421 oleo
776 361 885 442 calid03
912 362 1037 440 prodest
1059 371 1090 423 et

78 450 134 530 bis,
161 452 215 528 qui
243 453 311 511 sine
337 450 464 511 horrore
491 453 619 511 circuitu
647 449 777 511 febrium
801 459 958 532 vexantur,
987 469 1090 530 quam-

77 537 176 598 obrem
199 538 384 618 lexipyretos
407 538 480 599 haec
503 541 669 618 conpositio
693 539 813 600 dicitur.

158 627 224 687 Alia
253 629 422 706 conpositio
451 627 488 687 ad
517 637 630 688 tussem
659 627 771 688 aridam
799 635 829 688 et
856 628 1033 707 glutinosam
1060 637 1143 690 et10

53 714 236 776 sdifficulter
260 715 484 797 excreantibus,
511 724 620 795 purgat
647 718 737 776 etiam
763 718 932 777 interaneas
959 719 1089 778 vomicas

76 812 103 863 et
124 808 374 886 suppurationes,
396 807 505 884 accipit
526 805 612 865 haec:
649 804 717 864 Lini
745 807 879 888 seminis,
907 808 1020 867 urticae
1045 825 1089 866 se-

76 895 172 973 minis,
196 895 337 954 nasturci
360 895 496 974 seminis,
526 895 580 953 iris
603 892 737 973 Illyricae
759 892 868 955 radicis
892 897 994 973 aequis
1017 913 1089 972 pon·

75 981 201 1042 denibus.
237 981 321 1042 Haec
343 984 375 1042 in
397 981 551 1060 pulverem
573 981 670 1060 redigi
693 989 723 1042 et
745 984 866 1044 misceri
885 990 1003 1061 oportet
1021 1002 1090 1043 cum

74 1070 156 1130 melle
183 1079 222 1149 et,
239 1072 417 1149 frequenter
443 1072 543 1131 ieiuno
570 1088 626 1149 per
648 1072 828 1131 coclearium
851 1071 923 1131 dari.
966 1071 1089 1132 Stercus
1109 1084 1143 1131 tt

42 1177 64 1215 lu
75 1161 230 1236 porcinum
260 1163 375 1220 siccum
397 1159 552 1238 inligatum
575 1159 733 1237 phoenicio
758 1167 788 1220 et
811 1159 887 1220 collo
911 1178 1089 1239 suspensum

75 1256 185 1307 tussem
209 1249 453 1308 molestissimam
477 1247 569 1308 sedat.
610 1246 723 1327 Hysopi
746 1279 789 1292 -
808 1248 830 1326 l,
852 1257 969 1309 mentae
993 1252 1089 1310 siccae
1110 1262 1143 1310 12

79 1368 113 1377 -
146 1385 155 1416 ,
178 1337 264 1414 pulei
288 1339 361 1398 sicci
382 1368 420 1380 -
437 1335 459 1416 l,
483 1335 579 1396 mellis
602 1336 719 1397 decocti
740 1369 778 1379 —
795 1335 830 1417 11,
854 1337 988 1398 marrubi
1010 1371 1054 1381 —
1068 1337 1090 1418 1,

76 1428 228 1502 papaveris
254 1459 298 1470 -
316 1426 343 1506 13
372 1434 443 1486 sunt
470 1427 523 1505 qui
545 1425 658 1485 addunt
684 1433 713 1485 et
737 1425 868 1503 sulpuris
891 1428 949 1486 vivi
972 1445 1089 1487 semun-

77 1513 155 1573 ciam.
201 1513 286 1574 Haec
309 1517 380 1574 trita
403 1515 635 1593 permiscentur,
660 1521 693 1574 ut
715 1513 941 1593 pseudoliquida
965 1517 1037 1596 siut,
1061 1521 1091 1574 et

43 1617 127 1678 rsper
148 1603 287 1664 cocleare
311 1603 429 1683 dantur,
451 1604 493 1663 ita
516 1609 550 1662 ut
571 1619 627 1680 per
650 1602 783 1663 triduum
807 1601 950 1663 coclearia
975 1602 1090 1681 singula

78 1692 126 1766 qui
146 1695 241 1752 tussit
265 1694 385 1752 ieiunus
407 1693 541 1769 accipiat.
578 1689 712 1750 Hederae
737 1691 805 1750 lolia
829 1693 886 1751 tria
904 1709 974 1751 cum
992 1690 1090 1751 tribus
1114 1701 1143 1750 [3

78 1780 174 1853 graius
201 1783 319 1860 piperis
347 1799 383 1840 ex
411 1781 473 1839 vini
499 1778 605 1858 cyatho
633 1786 664 1838 et
691 1796 784 1857 aquae
812 1777 922 1839 calidae
947 1787 1091 1856 quantum

79 1867 203 1929 sufficiat
225 1870 324 1948 prima
348 1869 395 1928 die
420 1868 516 1948 dabis,
540 1869 678 1946 sequenti
701 1866 749 1927 die
773 1866 841 1926 lolia
865 1869 997 1946 quinque
1022 1885 1091 1927 cum

79 1958 175 2030 granis
194 1959 329 2036 quinque
353 1956 489 2016 simililer
508 1963 542 2016 ut
561 1974 660 2036 supra,
685 1957 772 2017 tertia
797 1956 843 2016 die
864 1956 932 2016 lolia
948 1955 1004 2015 -Vll
1022 1975 1091 2016 cum

45 2047 174 2119 ugranis
196 2045 251 2106 Vll
279 2045 416 2105 similiter
438 2052 473 2105 ut
496 2063 599 2124 supra,
627 2044 679 2104 sed
707 2046 826 2105 infirmo
850 2063 886 2105 ex
910 2044 991 2105 calda
1016 2063 1091 2124 aqua

81 2130 172 2214 dabis3
202 2133 381 2194 mirabiliter
409 2141 522 2193 tussem
551 2135 685 2211 quamvis
699 2134 867 2194 molestam
891 2141 921 2194 et
944 2141 1091 2194 vetustam

81 2219 201 2283 sedabis.

163 2310 206 2371 Ad
234 2311 378 2370 diutinam
402 2317 525 2391 tussem,
548 2328 623 2388 quae
648 2328 809 2389 numquam
833 2310 942 2370 desinit
966 2317 995 2370 et
1019 2312 1091 2370 satis
1112 2321 1145 2368 14

82 2395 198 2460 molesta
231 2407 290 2479 est,
317 2398 502 2459 medicamen
525 2399 615 2458 facies
640 2401 698 2459 sic:
735 2398 848 2458 Laricis
870 2431 915 2441 ——
934 2398 955 2477 1,
978 2399 1091 2477 piperis

50 2495 120 2536 ²⁵-
138 2485 161 2567 l,
184 2489 270 2549 croci
294 2520 332 2532 —
354 2487 375 2565 l,
398 2505 515 2566 myrrae
539 2519 576 2530 —-
598 2487 620 2566 1,
644 2487 789 2547 marrubii
811 2489 894 2547 tunsi
917 2488 981 2546 suci
1005 2504 1091 2564 quar-

83 2575 198 2658 tarium,
228 2577 304 2637 licus
332 2578 428 2636 siccas
454 2584 532 2657 tres,
563 2575 659 2636 mellis
689 2576 794 2653 optimi
821 2574 899 2652 quod
930 2575 1002 2633 satis
1025 2591 1091 2633 esse
1124 2639 1130 2650 ‚

83 2665 281 2728 aestimaveris
303 2683 428 2744 coques,
451 2665 523 2726 haec
547 2667 659 2743 pariter
682 2661 821 2722 miscebis
845 2671 875 2722 et
897 2669 1035 2721 conteres
1058 2679 1091 2721 ac

84 2750 123 2809 slc
150 2755 251 2816 ieiuno
278 2753 379 2815 triduo
407 2755 550 2813 continuo
577 2751 721 2813 coclearia
745 2749 861 2829 singula
884 2749 981 2830 dabis,
1005 2752 1091 2810 mira-

83 2834 158 2901 beris
182 2842 361 2922 remedium3
385 2842 437 2902 sed
462 2844 488 2902 si
510 2859 634 2901 necesse
658 2840 757 2920 luerit,
783 2841 962 2899 intermissis
986 2838 1092 2900 diebus
1153 2870 1159 2878 ἡ

52 2926 188 2991 citarum
212 2949 246 2991 ac
270 2932 389 3008 saepius
412 2928 509 3009 dabis3
532 2929 590 2989 hoc
613 2930 702 2989 etiam
725 2927 870 3008 pthisicos
894 2936 986 2990 sanat.

166 3019 212 3079 Ad
235 3027 349 3079 tussem
373 3037 410 3078 ex
432 3018 624 3097 perfrictione
646 3017 799 3079 collectam
828 3018 1011 3079 medicamen
1034 3018 1091 3079 hoc
1113 3029 1145 3078 tu

86 3105 153 3167 utile
175 3115 235 3169 est:
266 3109 351 3167 Aceti
373 3108 478 3185 optimi
499 3105 662 3188 heminam,
686 3124 779 3184 aquae
802 3107 964 3186 heminam,
987 3107 1093 3186 hysopi

87 3184 173 3276 {tvl
192 3205 253 3257 tam
272 3195 323 3256 diu
347 3213 468 3273 coques,
492 3195 586 3256 donec
609 3195 645 3255 ad
669 3195 858 3256 medietatem
876 3196 1092 3275 decoquantur3

87 3286 146 3343 lum
166 3285 315 3346 heminam
339 3282 435 3344 mellis
458 3283 529 3343 boni
553 3283 721 3362 despumati
743 3284 854 3344 adicies
876 3292 905 3343 et
924 3283 1004 3343 lento
1023 3285 1092 3359 igne

152 3418 351 3490 alexipyreas.
424 3418 653 3487 iglutlinosam.
710 3424 743 3472 10
761 3417 888 3473 foenilio.
945 3420 977 3470 12
996 3415 1091 3484 pullei.

90 3490 120 3539 15
137 3491 286 3562 coclearia]
305 3489 471 3546 cottidiana.
567 3496 601 3543 16
620 3489 687 3560 trie]
706 3489 783 3544 trita.
878 3493 913 3541 26
932 3487 1000 3558 ires]
1019 3503 1092 3541 aros.

89 3560 119 3612 tt
137 3561 322 3618 submoveris:
342 3561 547 3617 existimaveris
566 3560 728 3630 Stephanus.
