2609 4017
600 193 816 258 -84...

203 356 424 437 liberabuntur,
453 357 574 436 quidam
602 358 692 417 etiam
718 355 875 415 adfirmant
902 356 1143 417 efficacissimum
1170 373 1215 415 re·
1291 389 1292 408 i

203 446 335 507 medium
358 463 423 506 esse
447 446 483 506 ad
507 444 688 524 detergenda
711 444 903 525 glaucomata,
926 446 952 505 si
975 445 1080 505 catello
1100 445 1216 505 dierum

203 543 318 614 septem
341 541 431 612 caput
453 536 564 596 viventi
587 533 759 594 diffindatur
787 541 818 593 ct
840 532 877 593 de
900 533 1003 594 dextra
1026 542 1111 613 parte
1136 552 1215 594 cere-

204 623 252 685 bri
274 622 380 684 oculus
403 623 520 701 dexter,
548 623 585 683 de
614 624 736 683 sinistra
763 623 885 681 sinister
915 624 1041 683 intincto
1066 622 1127 683 Illic
1151 640 1215 701 spe·
1292 695 1293 698 Ἴ

152 712 275 774 143cillo
294 714 465 790 inungatur.
508 711 547 773 Ut
570 712 735 772 leucomata
758 718 788 770 et
806 710 975 789 albuginem
994 713 1129 791 quamvis
1148 710 1241 773 den-a

203 819 266 862 sam
289 819 326 861 ex
349 800 435 861 oculo
454 800 618 881 detergeas,
637 808 736 860 turam
755 808 785 860 ct
803 808 940 861 anturam
958 799 1067 861 herbas
1087 802 1217 861 virentes
1293 853 1294 882 ,

203 890 381 950 nitidissime
405 889 544 950 collectas
568 889 734 950 contundes
763 897 793 948 ct
819 906 875 968 per
902 888 1028 949 linteum
1055 898 1147 949 tenue
1169 907 1216 950 su·
1293 899 1294 936 I

152 989 279 1040 144cum
298 996 402 1040 earum
419 980 553 1058 exprime
577 996 673 1057 eoque
696 975 800 1038 oculos
824 980 943 1056 inunge.
985 976 1162 1039 Leucomata
1184 987 1218 1038 ut

205 1075 347 1128 extenues
370 1077 401 1128 ct
424 1067 567 1129 discutias
574 1116 583 1149 ,
606 1075 693 1127 utere
717 1067 926 1146 medicamine,
956 1068 1034 1146 quod
1059 1068 1218 1128 conficitur

205 1159 261 1217 sic:
298 1156 429 1218 Pumicis
453 1156 602 1217 combusti
625 1157 690 1216 triti
714 1148 753 1241 β
774 1153 867 1236 XIIII,
895 1155 1061 1216 chalcitidis
1086 1149 1125 1242 β
1148 1154 1219 1234 VIII,
1233 1177 1255 1215 ao

204 1247 332 1325 gummis
357 1238 396 1331 ᾖ
416 1244 470 1305 IIII
493 1253 523 1306 ct
547 1246 659 1323 sinapis
682 1242 838 1325 pusillum,
863 1252 895 1305 ut
918 1244 1071 1324 toleretur,
1093 1245 1219 1323 adicies3

204 1333 277 1394 haec
305 1336 403 1394 omnia
436 1337 468 1394 in
499 1336 708 1395 tenuissimum
738 1332 890 1411 pulverem
918 1333 1038 1393 redacta
1064 1336 1095 1393 in
1125 1351 1221 1394 unum
1294 1391 1295 1396 ,

205 1424 352 1503 permisce
376 1431 406 1483 et
430 1442 467 1483 ex
485 1440 561 1503 aqira
585 1423 705 1483 fontana
725 1423 814 1482 facito
833 1420 954 1502 collyria
972 1424 1130 1503 crassiora3
1155 1424 1221 1501 qui-
1294 1439 1295 1462 ³

204 1511 261 1572 bus
290 1514 333 1572 sic
362 1514 471 1593 uteris,
499 1521 533 1572 ut
560 1511 763 1572 circumdetur
790 1509 888 1571 tribus
911 1509 1045 1589 partibus
1068 1528 1136 1571 cera
1161 1510 1220 1571 col·

204 1601 326 1682 lycium,
353 1601 404 1661 sed
429 1610 596 1662 extremum
619 1600 734 1680 collyrii
757 1601 797 1659 sit
818 1599 882 1659 levo
906 1617 940 1659 ac
962 1607 1062 1681 tenue,
1085 1601 1165 1679 quod
1188 1602 1219 1660 in
1234 1621 1256 1661 n
1295 1625 1296 1674 r

205 1692 303 1769 ipsum
331 1689 466 1752 leucoma
494 1692 619 1770 Inpones
647 1698 678 1749 et
704 1688 774 1749 iube
802 1688 923 1749 oculum
949 1688 1099 1767 adoperiri
1126 1688 1220 1769 pauli-
1295 1677 1296 1750 l

206 1797 284 1860 sper,
304 1798 341 1839 ne
365 1780 483 1841 excidat
501 1778 671 1858 collyrium3
690 1777 769 1856 quod
788 1778 815 1837 si
833 1776 986 1857 exciderit,
1005 1780 1115 1838 iterum
1132 1795 1219 1857 repo·
1295 1773 1296 1782 ’

206 1875 303 1948 natur,
322 1868 481 1945 posthaec
499 1870 611 1945 inunge
625 1865 746 1926 oculum
760 1865 821 1926 leni
834 1864 965 1945 collyrio,
985 1868 1085 1927 statim
1104 1869 1222 1927 emittet

206 1958 292 2035 quasi
314 1974 475 2035 squamam.
511 1955 543 2016 Si
567 1972 638 2032 ergo
661 1972 802 2033 magnum
824 1954 959 2015 leucoma
982 1954 1072 2015 luerit
1090 1962 1121 2016 et
1139 1973 1219 2016 cras-

206 2061 283 2125 sum,
305 2046 346 2103 ita
370 2043 502 2104 curabis:
526 2046 572 2103 sin
596 2050 696 2103 autem
718 2051 818 2125 tenue,
841 2062 911 2103 cum
934 2045 1102 2121 inposueris
1126 2045 1219 2104 medi·
1234 2066 1258 2103 so

206 2150 318 2212 camen,
342 2135 488 2193 maturIus
512 2131 610 2213 tullos3
634 2140 736 2210 postea
759 2150 830 2192 vero
854 2141 939 2193 utere
958 2132 995 2192 ad
1014 2134 1220 2194 inunctionem

206 2220 336 2301 collyrio,
356 2222 435 2300 quod
451 2221 562 2282 Graeco
582 2219 724 2281 vocabulo
744 2220 888 2300 diacopon
907 2220 1085 2304 appellatur3
1108 2224 1221 2283 etcnIm

207 2310 284 2390 apud
312 2310 444 2372 medicos
471 2310 528 2371 hoc
557 2310 671 2390 collyrii
698 2327 793 2388 genus
820 2327 956 2389 magnam
983 2309 1073 2371 habet
1096 2311 1222 2372 effectus

155 2400 260 2459 ttnsui
282 2399 464 2477 dignitatem.
501 2399 641 2460 Turturis
665 2399 753 2459 timus
776 2398 812 2458 ad
837 2417 982 2459 summam
1000 2399 1148 2461 levitatem
1168 2403 1223 2461 tri-

206 2495 255 2548 tus
284 2497 314 2549 et
341 2507 411 2549 cum
434 2488 520 2549 melle
543 2487 640 2549 Attico
664 2496 716 2547 aut
738 2489 828 2548 ctiam
850 2487 974 2549 alterius
996 2491 1115 2568 generis
1136 2488 1221 2549 dum·
1238 2510 1263 2552 aa

207 2577 295 2637 modo
319 2581 431 2657 optimo
455 2586 486 2638 et
508 2577 683 2656 despumato
706 2578 848 2637 inunctus
877 2575 1042 2638 leucomata
1066 2577 1224 2639 oculorum

156 2677 206 2727 146
214 2675 351 2746 potenter
370 2675 518 2729 extenuat.
549 2666 624 2727 Galli
642 2664 797 2744 gallinacei
815 2668 942 2725 maxime
960 2665 1019 2726 albi
1038 2666 1077 2727 Iel
1095 2685 1131 2727 ex
1145 2684 1224 2745 aqua

208 2756 335 2817 dilutum
363 2764 393 2816 et
420 2757 587 2816 inunctioni
617 2753 782 2815 adhibitum
811 2753 976 2815 leucomata
1005 2754 1160 2815 oculorum
1191 2763 1223 2815 et

156 2844 376 2924 ttaypochyscs
403 2852 487 2905 sanat
519 2853 548 2903 et
580 2846 674 2903 aciem
705 2841 851 2903 luminum
884 2843 1047 2903 confirmat.
1098 2843 1222 2904 Stercus

209 2949 327 3011 quoque
346 2930 539 3011 gallinaceum
559 2930 659 2991 album
678 2949 747 2992 cum
770 2930 835 2991 oleo
858 2940 957 2992 vetere
977 2934 1151 2992 tenuissime
1169 2934 1222 2991 tri·
1238 2956 1265 2996 ao

157 3031 207 3081 148
214 3026 277 3079 tum
296 3028 327 3080 ct
344 3019 511 3098 adpositum
536 3018 613 3079 idom
639 3019 734 3080 oculis
752 3020 878 3081 remedii
895 3028 1036 3099 praestat.
1068 3020 1120 3081 Fel
1138 3020 1224 3081 vituli

209 3107 367 3186 diIIgenter
395 3105 552 3169 collectum
580 3106 616 3167 ad
642 3108 755 3188 cotylae
778 3127 950 3169 mensuram
973 3111 1004 3169 in
1027 3128 1078 3169 ras
1101 3128 1223 3171 aereum

209 3198 338 3257 mittitur
366 3198 508 3276 tenuique
537 3198 605 3274 igne
633 3197 750 3257 admoto
774 3200 815 3258 ita
838 3200 1030 3280 excoquitur,
1057 3205 1091 3259 ut
1114 3201 1223 3279 spisse·

209 3292 273 3367 tur,
301 3285 407 3346 deinde
435 3284 531 3346 mellis
559 3284 630 3345 boni
657 3293 772 3347 tantum
800 3289 941 3368 mittitur,
975 3296 1119 3366 quantum
1146 3287 1224 3347 sellis

209 3373 289 3436 illius
317 3374 433 3435 decocti
460 3377 649 3455 remanserit;
683 3375 854 3435 adiciuntur
886 3384 990 3455 postea
1022 3394 1137 3455 myrrae
1170 3379 1223 3437 tri·
1237 3408 1264 3448 35

211 3470 256 3523 tao
271 3463 427 3524 drachmae
443 3463 517 3524 duae
537 3470 568 3524 et
583 3465 665 3523 croci
683 3482 741 3524 una
760 3472 791 3524 et
809 3466 886 3524 aeris
905 3464 987 3526 floris
1007 3464 1171 3543 pauxillum
1189 3484 1223 3526 ac

209 3559 313 3630 postea
335 3551 423 3613 slmul
446 3554 544 3613 omnia
567 3552 618 3613 diu
642 3554 786 3631 coagitata
810 3552 845 3613 ad
871 3555 975 3614 tertias
1000 3553 1223 3636 decoquuntur3
