2609 4017
566 168 808 234 -198-

178 331 252 393 haec
280 334 461 413 conpositio,
489 350 558 392 cum
585 330 694 392 habeat
720 333 752 392 in
780 351 811 392 se
843 331 915 391 nihil
947 333 1036 393 taetri
1067 330 1199 391 medica-

179 423 281 503 menti,
300 421 336 482 ad
355 421 537 482 inflationem
556 421 702 482 stomachi
717 428 746 481 et
761 420 923 481 cruditates
938 429 968 482 et
982 419 1081 481 acidas
1096 427 1200 480 ructa·

178 512 276 571 tiones
299 518 330 571 et
353 510 390 570 ad
413 513 526 571 ventris
549 510 682 570 dolorem
706 517 737 570 et
759 512 863 570 urinae
884 507 1091 571 difficultatem
1111 516 1142 569 et
1162 507 1200 568 ad

178 599 319 659 convulsa
341 601 523 660 intrinsecus
545 607 575 660 et
593 608 682 679 rupta
700 601 799 659 omnia
818 607 848 659 et
866 599 901 658 ad
921 598 1076 679 horrores;
1096 605 1198 658 movet

178 690 267 748 etiam
285 696 440 748 menstrua
458 688 627 768 mulierum,
646 707 716 749 cum
734 686 894 749 difficulter
911 695 1088 766 purgantur.
1121 685 1225 746 Items

178 775 308 837 detrahit
326 779 353 836 si
372 795 430 856 qua
449 795 484 837 ex
503 786 592 856 partu
612 786 663 838 aut
682 776 791 837 aborsu
810 778 992 838 intrinsecus
1007 777 1113 837 nociva
1127 774 1197 836 sub·

178 867 323 945 stiterint3
348 866 435 926 datur
458 869 579 926 omnino
603 869 667 926 sine
690 874 772 926 metu
790 873 821 926 et
839 867 948 926 ieiunis
967 875 998 926 et
1016 872 1084 925 aute
1105 882 1197 924 cenae

177 965 296 1033 tempus
316 962 346 1014 et
364 963 433 1033 post
450 974 554 1016 cenam
573 955 608 1015 ad
629 972 799 1015 mensuram
819 954 933 1015 denarii
952 955 1042 1014 unius
1060 953 1108 1013 vel
1124 953 1197 1013 duo·

177 1061 245 1103 rum
269 1061 305 1103 ex
328 1062 421 1123 aquae
445 1044 559 1124 cyathis
582 1043 680 1105 tribus
708 1052 738 1105 et
764 1045 790 1102 si
812 1043 880 1121 plns
904 1042 1045 1121 ponderis
1069 1041 1198 1121 quilibet

178 1135 348 1213 sumpserit,
372 1151 432 1193 non
455 1132 598 1193 laedetur.
632 1133 811 1213 Praegnanti
831 1149 891 1192 nou
915 1139 961 1192 cst
983 1130 1114 1192 dandum
1138 1131 1196 1190 hoc
1211 1149 1238 1190 ιο

176 1221 426 1282 medicamentum
449 1240 505 1282 uec
529 1221 719 1282 febricitanti.

123 1321 159 1371 34
266 1309 440 1370 Antidotum
467 1308 675 1371 Philonianum
703 1310 740 1370 ad
769 1328 872 1370 omnes
900 1311 1035 1369 internos
1066 1307 1196 1388 dolores,

178 1397 257 1476 quod
281 1399 317 1458 ad
340 1400 492 1459 tensiones
516 1399 661 1460 stomachi
689 1408 719 1460 et
742 1399 1009 1479 empnenmatosim
1031 1398 1196 1476 praecipue

177 1486 260 1567 lacit,
288 1486 389 1548 colicis
417 1506 536 1566 quoque
564 1488 700 1567 prodest,
729 1487 838 1566 quibus
865 1489 896 1547 in
925 1484 1026 1546 dolore
1055 1504 1092 1546 ex
1117 1503 1195 1564 aqua

176 1576 282 1654 frigida
311 1576 411 1658 datur,
439 1579 548 1639 ceteris
577 1596 613 1637 ex
641 1576 735 1638 calida
763 1595 832 1637 cum
858 1574 984 1654 oxymeli
1008 1575 1074 1635 dari
1097 1573 1196 1654 debet,
1212 1590 1238 1630 rs

176 1673 291 1726 tusscm
312 1666 403 1741 sedat,
424 1668 566 1727 tertianas
579 1666 705 1727 mirifice
720 1665 798 1727 tollit
816 1673 884 1725 ante
898 1672 1084 1724 momentum
1099 1665 1196 1742 suspi-

178 1757 271 1815 cionis
301 1754 415 1836 datum,
444 1753 582 1816 omnibus
610 1763 710 1815 antem
738 1754 775 1814 ad
804 1747 923 1814 modum
951 1752 1035 1813 labae
1064 1751 1196 1813 dandum

178 1846 243 1924 erit,
267 1851 383 1904 constat
401 1862 438 1903 ex
456 1844 518 1904 his:
541 1842 628 1905 Croci
642 1835 682 1930 5·
698 1842 757 1924 XV,
776 1841 912 1922 pyrethri
931 1843 1123 1920 semunciam,
1143 1859 1196 1900 eu-

177 1931 257 1992 lorbi
280 1934 471 2012 semunciam,
493 1935 592 2011 spicae
612 1932 697 1993 nardi
716 1933 908 2010 semunciam,
931 1932 1043 2010 piperis
1063 1928 1123 1991 albi
1141 1947 1196 1989 un·

178 2021 239 2080 cias
263 2019 335 2079 duas
360 2022 458 2099 semis,
481 2020 652 2101 hyoscyami
670 2022 774 2082 arucias
794 2020 867 2081 duas
887 2021 985 2098 semia,
1009 2021 1070 2097 opii
1085 2011 1125 2104 2·
1141 2017 1196 2098 1113
1211 2036 1239 2076 ro

177 2107 283 2168 melior
302 2109 368 2187 erit,
388 2110 414 2168 si
433 2108 523 2169 addas
542 2110 710 2190 petrosilini
729 2102 832 2196 2111,
852 2108 940 2169 dauci
958 2106 1069 2168 Cretici
1084 2099 1124 2193 ,β
1139 2105 1196 2187 ΙΙΙ;

178 2194 328 2274 colligitur
352 2195 437 2257 melle
457 2198 555 2259 Attico
579 2200 663 2259 etin
687 2216 756 2258 vaso
779 2201 873 2258 vitreo
898 2195 953 2258 sub
976 2195 1127 2274 signaculo
1147 2214 1196 2256 re-

177 2287 308 2364 ponitur.

124 2384 158 2435 35
268 2374 425 2435 Stomacho
454 2374 600 2436 laboranti
623 2375 741 2437 cocleae
764 2384 904 2454 prosunt,
933 2375 1013 2433 siin
1037 2391 1113 2452 aqua
1136 2373 1195 2432 ler-

177 2473 266 2524 veaut
288 2471 318 2524 et
341 2465 385 2524 sic
408 2463 588 2525 carbonibus
611 2472 784 2525 torreantur
807 2472 895 2542 atque
919 2465 961 2523 ita
984 2481 1021 2522 ex
1045 2479 1195 2540 oencgaro
1210 2480 1239 2522 25

125 2565 159 2614 33
178 2560 335 2614 sumantur
362 2554 460 2632 inpari
491 2571 625 2614 numero.
673 2552 863 2614 Stomachum
892 2553 1137 2612 reumatizantem
1166 2557 1197 2610 et

178 2642 328 2704 dolentem
352 2649 381 2702 et
404 2641 594 2720 languentem
616 2650 647 2703 et
670 2641 848 2702 dissolutum
867 2643 997 2720 primum
1016 2642 1131 2699 mansio
1151 2638 1196 2699 lu-

177 2732 244 2792 cida
267 2739 297 2791 et
320 2749 380 2791 uon
403 2733 528 2792 nimium
551 2730 657 2810 frigida
681 2749 736 2790 nec
760 2733 832 2790 satis
855 2729 947 2790 calida
975 2728 1052 2789 bene
1076 2729 1196 2807 accipit,

177 2829 242 2880 tum
270 2819 447 2897 cataplasma
476 2821 542 2879 fieri
571 2819 659 2880 debet
682 2819 718 2880 de
742 2819 820 2878 loliis
843 2819 946 2878 vitium
971 2817 1017 2876 vel
1041 2819 1067 2876 si
1090 2817 1195 2876 vineae

179 2907 248 2967 lolia
275 2925 335 2967 non
362 2907 488 2984 luerint,
517 2908 553 2968 de
581 2909 707 2969 rumicis
736 2909 797 2968 sive
826 2906 894 2968 rubi
922 2905 1000 2966 loliis
1028 2904 1075 2965 vel
1098 2905 1135 2966 de
1161 2923 1195 2966 ea
1211 2923 1240 2964 ao

179 2997 349 3056 summitate
367 2995 445 3076 rubi,
469 3015 544 3075 quae
564 2998 635 3057 satis
654 3005 757 3057 tenera
776 3003 830 3056 est.
863 2994 926 3056 lloc
946 2994 1106 3072 diligenter
1123 2996 1196 3054 teri·

178 3092 229 3145 tur
252 3102 321 3145 cum
344 3083 471 3144 dactulis
494 3087 626 3165 quinque
649 3087 817 3146 minutatim
846 3086 956 3164 carptis
980 3086 1011 3144 iu
1034 3090 1119 3144 aceto
1142 3082 1197 3143 diu

126 3186 160 3236 37
180 3175 345 3234 maceratis.
368 3170 568 3252 Epithematio
583 3181 683 3234 autem
700 3174 757 3235 hoc
774 3181 842 3254 post
856 3173 1034 3252 cataplasma
1049 3174 1093 3233 uti
1107 3190 1197 3250 opor-

271 3325 333 3381 lin
352 3344 381 3382 se
400 3343 450 3382 ont.
523 3328 723 3381 4eonrulenm
741 3326 921 3382 intrensecus.
995 3332 1134 3380 dauorsn
1153 3325 1197 3379 in·

179 3401 330 3453 trensecue.
412 3397 591 3466 aquislibet.
672 3404 704 3452 12
723 3396 895 3452 filonienum.
969 3404 1002 3452 13
1021 3395 1198 3466 emplcuma»

179 3469 271 3525 tieem.
345 3475 377 3523 15
397 3468 518 3522 oximeli.
597 3473 630 3521 18
647 3468 755 3538 pirehi.
833 3475 867 3522 25
887 3485 1021 3538 ynogaro.
1094 3472 1128 3522 28
1147 3485 1199 3524 ac-

181 3539 264 3611 cepit.
336 3545 370 3592 33
390 3537 578 3608 epithymatio
595 3539 650 3593 hoc
669 3540 772 3593 autem.

62 3642 172 3729 ...ἱ
