2609 4017
499 232 720 297 ...65-

96 396 249 476 physica
283 395 437 456 diversa.
489 395 533 456 hd
565 395 702 457 lacrimas
736 405 766 457 et
797 405 930 458 tumores
963 397 1118 460 oculorum
1138 412 1175 461 2ο

97 485 290 565 lippientium
319 484 543 563 restringendos
571 492 771 546 atramentum
801 489 990 567 sutoricium,
1017 486 1047 547 id
1074 496 1120 549 est

98 573 311 635 chalcanthum
331 572 423 633 viride
444 576 599 654 cyprinum
620 573 727 635 tondes
746 582 777 635 et
796 574 942 636 cribrabis
961 584 991 636 et
1010 577 1120 638 iactum

101 660 310 723 mollissimum
334 661 486 741 pulverem
510 682 545 723 ex
569 664 617 723 ovi
639 665 750 724 incocti
770 663 845 744 albo,
867 664 896 725 id
920 673 966 726 est
989 664 1120 747 lacrimo,

71 771 85 811 5
101 768 284 831 consperges
305 760 335 812 et
353 751 444 812 iacies
462 751 592 833 collyria,
616 770 692 831 quae
712 753 741 813 in
762 752 866 813 umbra
886 752 1011 815 siccabis
1030 762 1119 835 atque

98 840 170 901 inde
194 839 350 921 palpebras
370 842 498 920 inunges
521 848 551 901 et
573 848 707 919 tempora
727 841 842 902 inlines.
880 840 913 902 Si
931 861 966 903 ex
986 852 1119 905 reumate

100 928 222 991 lacrima
249 928 402 990 abundans
426 936 484 1010 est,
512 931 560 989 ovi
582 928 648 989 albo
673 929 828 1010 collyrium
851 931 1040 1009 temperabis.
1088 931 1120 993 Si

99 1018 249 1099 lippitudo
273 1027 303 1078 et
327 1020 478 1098 sanguinis
501 1018 612 1078 inlusio
636 1026 696 1099 est,
719 1037 756 1078 ex
779 1028 862 1080 aceto
887 1020 1066 1100 temperabis
1090 1031 1120 1083 et

100 1108 233 1187 desuper
256 1106 359 1168 occulos
383 1106 581 1188 circumlines‚
605 1108 646 1166 ita
672 1115 704 1167 ut
727 1106 801 1168 nihil
823 1110 950 1169 interius
972 1109 1008 1170 de
1027 1110 1120 1171 medi·

59 1198 218 1257 1ocamine
237 1195 435 1277 ingrediatur3
455 1204 588 1274 tempora
607 1213 726 1275 quoque
745 1195 873 1257 dolentis
892 1197 996 1258 eodem
1015 1217 1119 1279 super-

100 1286 185 1347 lines.
232 1284 367 1346 Brassica
396 1284 487 1346 cruda
515 1286 585 1345 trita
614 1302 782 1364 cumpace
806 1285 931 1346 candido
955 1286 1172 1349 madefactum

101 1374 225 1436 subacta
254 1393 287 1435 ac
314 1374 406 1434 fronti
428 1373 511 1434 inlita
539 1372 672 1434 dolorem
701 1372 855 1436 oculorum
882 1375 1045 1455 plurimum
1072 1395 1120 1437 re-

100 1463 188 1525 levat.
234 1462 416 1523 Medicamen
445 1462 480 1523 ad
504 1462 624 1523 oculum
649 1462 763 1523 diutina
786 1463 963 1543 lippitudine
987 1465 1033 1525 vel
1056 1468 1118 1545 epi·
1138 1479 1172 1528 22

101 1552 197 1631 phora
230 1551 412 1613 laborantem
439 1553 621 1613 intrinsecus
648 1551 828 1621 curandum:
860 1551 980 1632 Lapidis
1008 1557 1120 1633 gagatis

60 1634 143 1727 1⁵5³
177 1640 217 1701 lll
249 1640 376 1722 tondes,
415 1640 559 1701 cribrabis
598 1649 628 1701 et
660 1658 735 1720 aqua
768 1639 888 1720 pluviali
921 1641 966 1701 vel
1001 1642 1120 1703 fontana

101 1748 298 1810 consparsum
326 1729 479 1810 pulverem
502 1729 647 1809 liquidum
671 1729 776 1807 iacies,
806 1728 913 1789 deinde
937 1732 969 1790 in
992 1730 1120 1810 ampulla

99 1821 197 1879 vitrea
230 1836 370 1900 repones3
403 1836 470 1879 cum
504 1836 627 1879 necesse
660 1818 764 1898 luerit,
796 1819 886 1896 pinna
919 1818 1047 1898 aquilina
1074 1819 1121 1881 vel

101 1907 271 1969 columbina
295 1906 478 1968 laborantem
502 1905 621 1968 oculum
645 1910 808 1985 iuungues:
837 1926 895 1984 quo
919 1908 996 1969 iacto
1020 1917 1049 1969 et
1073 1928 1119 1970 ca·

100 1996 224 2076 ligiuem
245 2005 274 2057 et
291 1997 423 2057 inlusum
437 1998 610 2075 sanguinem
626 1995 780 2074 absterges
794 1995 1010 2077 clarioremque
1025 2001 1120 2060 visum

60 2108 87 2147 so
102 2088 254 2147 restitues.
299 2085 422 2146 llolores
449 2084 603 2145 oculorum
627 2092 761 2165 tempore
785 2084 892 2145 hiemis
915 2086 1026 2166 lrigore
1049 2105 1118 2147 cou-
1137 2099 1172 2149 23

101 2182 216 2235 tractos
240 2172 366 2255 qualiter
390 2190 495 2235 curare
520 2172 641 2234 debeas:
665 2172 813 2234 Coucham
838 2192 954 2235 aeream
978 2174 1014 2235 de
1034 2175 1120 2236 melle

102 2263 170 2324 albo
191 2263 309 2325 abintus
328 2281 461 2342 perunge
481 2268 573 2323 totam
593 2262 777 2342 eandemque
794 2280 884 2341 supra
903 2272 1037 2341 gastrum
1055 2264 1121 2325 lotii

102 2351 198 2415 virilis
227 2372 264 2413 ex
291 2371 325 2413 ea
353 2361 450 2432 parte,
484 2369 541 2429 qua
569 2349 656 2411 melle
683 2350 767 2411 inlita
795 2358 854 2430 est,
886 2369 1057 2432 superpone
1084 2353 1120 2414 ad

102 2441 210 2502 lotium
238 2459 343 2502 versus
371 2448 401 2501 et
424 2458 478 2519 per
501 2440 565 2499 dies
588 2437 670 2499 XXX
692 2439 738 2499 bis
762 2442 792 2499 iu
816 2439 864 2500 die
887 2439 992 2502 lotium
1016 2444 1122 2526 agitari

61 2550 88 2592 aa
102 2531 208 2611 facito,
237 2539 270 2591 ut
293 2533 389 2591 omnis
412 2530 486 2591 odor
509 2527 555 2589 rel
578 2527 714 2589 acritudo
737 2528 802 2587 lotii
826 2536 856 2587 et
878 2530 974 2589 virtus
996 2532 1062 2590 eius
1085 2531 1121 2590 ad

102 2619 163 2680 mel
192 2622 221 2679 iu
251 2618 363 2680 concha
389 2618 522 2698 haereat,
550 2626 653 2696 postea
677 2615 765 2676 rades
788 2614 931 2676 concham
955 2618 1064 2699 ipsam,
1090 2617 1121 2678 id

103 2715 151 2769 est
175 2707 255 2787 quod
278 2707 365 2768 melle
386 2706 505 2768 inlitum
528 2706 635 2785 luerat,
659 2713 689 2765 et
712 2722 846 2765 rasuram
867 2703 976 2764 tundes
995 2707 1026 2766 in
1044 2724 1121 2767 mor-

103 2798 181 2857 tario
206 2804 236 2857 et
259 2795 404 2858 cribrabis
428 2795 479 2857 diu
503 2803 533 2855 et
556 2812 685 2873 repones
703 2796 735 2854 in
754 2791 881 2872 ampulla
899 2792 945 2854 vel
964 2795 1057 2856 vitrea
1075 2796 1122 2857 vel

104 2904 228 2967 cyprea3
252 2904 321 2947 cum
342 2902 464 2946 necesse
484 2884 583 2962 inerit,
607 2901 642 2943 ex
662 2881 748 2943 melle
768 2881 948 2961 temperabis
967 2891 997 2945 et
1015 2886 1121 2947 intrin-

63 2995 90 3035 ao
105 2994 195 3036 secus
224 2973 343 3036 oculum
366 2991 528 3053 perunges3
556 2970 691 3032 mirabile
714 2971 879 3032 remedium
904 2976 1067 3052 experieris
1090 2977 1121 3035 iu

105 3062 244 3124 omnibus
264 3064 357 3123 ierme
376 3061 530 3124 oculorum
546 3062 634 3121 etiam
648 3060 834 3141 grauioribus
850 3065 955 3122 causis.
984 3062 1121 3145 Gramen,
1140 3074 1176 3124 24

105 3151 185 3232 quod
210 3154 241 3212 in
265 3170 381 3213 summo
406 3148 561 3211 trisulcum
585 3148 713 3231 habebit,
736 3150 929 3211 decrescente
952 3150 1022 3212 luna
1045 3152 1121 3211 radi-

104 3243 184 3302 citus
209 3238 358 3301 sublatum
382 3258 469 3319 quam
492 3236 655 3317 plurimum
679 3256 803 3320 repone,
829 3238 936 3300 deinde
960 3258 997 3300 ex
1020 3239 1122 3300 multis

104 3348 198 3390 uniam
228 3331 399 3409 auspicante
429 3326 606 3407 lippitudine
635 3325 670 3386 ad
694 3327 803 3389 collum
827 3327 955 3407 subliga,
984 3326 1123 3389 celeriter

181 3535 355 3605 lphoesica.
413 3534 651 3605 ireiringendos.
712 3532 877 3589 scribente.
947 3539 979 3587 11
1000 3534 1122 3590 condito.

108 3613 140 3663 17
160 3606 248 3677 pinna
267 3612 282 3661 1
289 3624 315 3662 m
333 3622 426 3678 pennu
444 3612 503 3663 2m.

160 3705 323 3759 Muclnuus,
337 3716 376 3746 nn.
391 3707 547 3746 Hunnnron.
947 3696 964 3743 b

1147 3771 1255 3965 s
