2609 4017
600 199 816 262 „64-

201 362 330 442 hyaenae
355 361 430 422 fellis
454 360 526 441 III,
551 360 699 440 euphorbi
722 360 746 419 II
766 360 791 440 I;
814 360 871 421 1166
895 359 959 420 6166
979 359 1104 420 diluitur
1125 362 1212 421 etita

201 451 381 511 admiscetur
401 452 518 511 ceteris.
555 451 671 529 Aquato
691 452 735 510 uti
753 448 903 528 oportebit
918 448 975 509 hoc
989 448 1212 528 medinamento,

201 550 246 601 est
264 542 343 600 enim
362 541 539 599 acerrimum
559 549 589 600 et
608 538 740 618 undique
761 556 879 599 umores
898 536 1001 617 trabit3
1021 537 1212 616 quamobrem

200 647 260 689 uon
289 634 359 687 sunt
386 628 562 708 inungendi,
590 630 642 707 qui
670 628 776 706 capitis
799 626 931 687 dolorem
954 634 1006 687 ant
1032 626 1213 705 gravidinem

200 716 318 797 habent,
338 725 368 776 et
386 725 453 776 ante
473 716 597 777 biduum
612 726 663 777 aut
677 717 809 777 triduum
824 734 929 794 aquam
943 714 1054 795 bibant,
1073 734 1150 793 quos
1167 716 1235 775 dee

199 807 357 887 ¹stinaveris
374 823 409 865 66
427 808 607 885 inunguere3
627 823 805 884 quamquam
819 803 926 865 melius
941 804 1058 882 1361631,
1081 807 1108 863 31
1126 806 1213 864 611331

200 901 426 972 perseveranter
454 913 558 973 aquam
586 896 768 974 potaverint3
797 896 866 954 vitio
899 895 977 953 63131
1005 891 1212 953 molestissimo

201 982 315 1043 facilius
330 986 409 1044 inter
424 986 506 1044 initia
521 983 675 1044 carebunt
699 983 764 1043 Non
779 992 878 1043 antem
893 984 1035 1061 praeterit
1048 981 1213 1042 mebabere

200 1080 230 1132 te
245 1072 408 1151 prudentes
422 1074 578 1149 6611133163,
598 1072 708 1152 quibus
725 1074 751 1132 si
765 1075 884 1132 nomina
898 1070 1010 1131 dixeris
1023 1069 1212 1150 collyriorum
1286 1099 1287 1136 1

201 1164 231 1220 13
245 1160 302 1221 1166
317 1161 392 1221 libro
408 1164 598 1242 scriptorum,
615 1160 797 1222 contendent
811 1161 910 1220 forsan
924 1178 956 1220 se
971 1178 1090 1239 quoque
1103 1159 1212 1221 babere
1227 1175 1250 1212 10

202 1249 304 1310 eadem
332 1253 498 1330 conposita:
527 1250 578 1311 sed
608 1252 633 1310 si
661 1250 792 1328 pondera
821 1256 873 1310 ant
900 1249 1023 1309 effectus
1052 1267 1212 1327 conparare

201 1338 290 1417 voles,
312 1339 399 1419 longe
423 1339 556 1399 diversos
579 1341 721 1399 iuvenies.
759 1338 821 1417 Ego
845 1339 924 1398 enim
946 1340 1011 1417 Ipse
1035 1337 1138 1398 eodem
1163 1357 1212 1397 no·

201 1428 280 1486 mine
313 1427 405 1489 multa
438 1430 604 1507 conposita,
636 1447 696 1488 nou
724 1427 818 1488 isdem
847 1426 1029 1505 ponderibus
1057 1434 1087 1487 et
1115 1426 1213 1507 rebus,

200 1516 351 1578 Interdum
378 1517 486 1597 1131166,
515 1517 567 1577 sed
595 1518 721 1577 maxime
747 1515 879 1596 probatis
903 1523 979 1577 ntor.
1025 1514 1086 1575 Nec
1111 1518 1214 1594 utique

200 1604 324 1667 adfirmo
348 1625 408 1668 non
430 1624 518 1685 posse
542 1616 572 1667 et
595 1605 669 1666 alios
692 1604 795 1666 eadem
815 1603 934 1684 habere,
958 1622 1024 1664 nam
1044 1606 1157 1682 etipse
1177 1604 1251 1664 aba

201 1693 265 1754 31113
285 1698 395 1777 accepi,
416 1696 469 1756 sed
488 1713 555 1755 raro
575 1696 637 1755 scio
657 1692 856 1755 oeulariorum
877 1692 1020 1773 quosdam
1039 1693 1215 1771 slmpliciter

201 1784 319 1843 tradere
343 1786 563 1863 conpositiones
586 1802 694 1862 meque
718 1782 844 1842 multum
868 1781 1049 1860 elaborasse,
1073 1789 1107 1842 ut
1130 1800 1215 1842 veras
1287 1825 1288 1844 t

203 1880 232 1930 et
254 1873 444 1952 incorruptas
466 1875 640 1952 acciperem,
659 1873 797 1932 conscius
817 1870 983 1931 sum'mibi.
1020 1868 1124 1949 Neque
1142 1870 1215 1931 illud

200 1976 306 2019 rursus
335 1960 415 2042 dico,
443 1978 532 2021 novas
560 1978 664 2020 omnes
692 1968 722 2021 et
749 1978 809 2019 non
832 1958 981 2037 aliquibus
1004 1966 1088 2019 notas
1112 1978 1160 2020 me
1184 1962 1215 2020 in

200 2046 256 2107 boc
284 2047 361 2107 libro
390 2050 859 2129 congestorumconpositiones,
888 2050 1102 2108 verumetiam
1128 2067 1213 2127 quas·
1229 2063 1253 2101 2⁰

200 2134 266 2205 dam
291 2136 422 2216 vulgatas
445 2146 483 2218 et,
508 2147 541 2198 ut
563 2139 604 2198 ita
623 2137 728 2217 3116313,
751 2136 924 2217 publicatas
962 2135 1115 2197 Eiusmodi
1135 2139 1215 2197 euim

201 2227 268 2301 quin
301 2225 436 2286 efficaces
465 2234 546 2307 sunt,
579 2228 669 2287 etiam
696 2226 833 2305 plurimis
860 2227 891 2285 in
918 2227 1054 2286 notitiam
1081 2228 1215 2286 veniunt.

148 2328 181 2378 18
200 2312 359 2393 Collyrium
379 2316 616 2376 efficacissimum
635 2315 672 2376 ad
691 2326 838 2375 tumorem
857 2314 1011 2375 oculorum
1032 2324 1061 2375 et
1079 2314 1214 2375 lacrima·
1288 2301 1289 2370 ἶ

200 2420 267 2462 rum
291 2406 415 2464 nimium
438 2405 575 2485 fluorem,
600 2407 689 2465 etiam
712 2423 801 2483 supra
825 2412 1003 2481 perunctum
1027 2403 1073 2463 vel
1096 2404 1216 2465 iulitum

201 2491 304 2552 eiticax
329 2502 386 2574 est,
410 2496 531 2573 accipit:
556 2495 680 2554 Acaciae
705 2491 825 2572 IIXVI,
849 2492 979 2553 cadmiae
999 2492 1024 2551 II
1043 2492 1109 2574 XII,
1134 2492 1215 2553 31663
1230 2506 1256 2547 33

200 2579 225 2639 II
245 2580 283 2662 11,
307 2586 397 2664 croci,
420 2601 545 2663 myrrae,
569 2585 630 2663 opii
652 2583 732 2661 lecti,
756 2580 941 2660 singulorum
963 2580 1099 2641 denarios
1119 2580 1216 2663 binos,

201 2674 329 2731 castorei
351 2672 376 2733 II
400 2673 425 2752 1,
454 2675 579 2734 cummis
603 2672 629 2731 II
652 2670 729 2752 VIII3
761 2677 900 2730 teruntur
927 2669 1000 2730 haec
1028 2672 1126 2730 omnia
1150 2670 1216 2731 dili-

199 2766 304 2838 genter
328 2771 357 2821 et
380 2780 416 2821 ex
437 2780 512 2840 aqua
530 2763 752 2840 permiscentur
774 2766 863 2837 atque
887 2758 956 2819 iude
976 2760 1075 2820 statIm
1094 2758 1216 2839 collyria

148 2861 180 2911 19
200 2848 366 2909 formantur
389 2868 424 2908 ex
446 2867 530 2928 aqua,
555 2867 628 2927 quae
649 2856 719 2909 snut
737 2849 856 2907 omnino
876 2848 1008 2908 mirifica.
1044 2846 1215 2927 1163666111-

200 2937 277 2995 31313
306 2940 450 3013 optimum
479 2936 513 2997 ad
543 2936 701 3015 epIpboras
729 2953 813 2995 acres
841 2943 872 2996 61
899 2938 982 2996 1311113
1014 2935 1215 3015 Ilppitndinis:
1230 2952 1257 2991 eo

200 3022 287 3083 Croci
306 3017 346 3111 β
366 3024 404 3104 II,
428 3023 606 3084 sarcocollae
626 3017 666 3111 9·
686 3024 721 3104 11,
742 3022 822 3084 aloes
841 3025 998 3103 epatitidos
1018 3016 1057 3110 β
1076 3025 1099 3105 1,
1117 3025 1215 3103 glauci

200 3103 276 3197 21.
313 3112 392 3173 Haec
412 3115 509 3172 omnia
528 3112 686 3191 diIIgenter
706 3116 775 3174 trita
795 3113 884 3174 sImul
903 3112 1047 3174 recondes
1061 3115 1092 3173 in
1107 3114 1215 3193 pyxide

200 3219 309 3279 cuprea
329 3210 359 3261 et
377 3219 431 3279 pro
451 3201 644 3282 xerocollyrio
664 3205 767 3263 uteris.
804 3202 852 3262 Ad
876 3203 1072 3281 epiphoras
1091 3211 1126 3263 et
1145 3202 1216 3281 lip-

200 3289 386 3367 pitudInes
420 3289 607 3351 oculorum
640 3291 798 3352 remedia
831 3291 872 3352 de
902 3294 1151 3371 experimento
1180 3300 1216 3351 61

270 3496 355 3549 taut
372 3495 495 3551 triduum
514 3514 564 3552 663.
610 3503 643 3551 14
662 3496 738 3569 ntor]
756 3512 832 3552 neor.
879 3502 913 3550 22
932 3496 1064 3566 plurimi·
1096 3497 1213 3553 notiam.

200 3570 234 3619 29
254 3564 479 3635 Xyroeollirinm.
