2609 4017
483 173 725 237 -149-

105 332 205 394 laseris
228 352 317 414 grana
340 335 393 415 ΙΙΙ,
417 337 563 398 satureiae
592 334 746 414 pusillum,
774 333 824 395 alii
852 336 948 414 spicas
971 335 1156 398 undecim.

105 431 180 483 teres
203 432 234 484 et
257 423 410 485 calefacies
433 423 582 486 flammula
604 425 690 484 tenui
712 434 800 504 atque
824 424 893 485 inde
917 423 1026 485 collum
1045 426 1109 485 eius

102 519 131 572 ct
152 511 253 572 fauces
276 512 502 591 diligentissime
526 511 711 594 perfricabis,
735 515 787 592 qui
810 513 846 574 de
866 513 977 574 tolibus
997 511 1110 574 labora-

101 599 151 660 bit.
191 601 367 663 Remedium
394 601 478 664 valde
505 609 621 663 certum
649 609 680 662 et
703 601 775 662 utile
804 603 934 664 faucium
957 601 1110 663 doloribus
1129 610 1163 664 99

78 690 150 748 ssic.
196 689 319 751 Scribes
340 693 371 751 in
395 691 495 752 charta
518 691 608 753 haec:

281 817 378 886 Εἶδον
395 828 513 904 τριμερῆ
531 822 657 904 χρύσεον
678 818 835 886 Τοτὶννδον

281 911 342 973 Καὶ
360 908 558 994 ταρταρούχου
577 909 601 992 †
619 930 737 992 χατεσιν
758 910 967 993 Τονσάναδον,

280 997 389 1062 Σῶσόν
407 1023 441 1081 με
459 999 545 1080 σεμνὲ
563 999 706 1081 νερτέρων
725 995 871 1083 ὑπέρτατε.

100 1151 184 1210 quam
208 1133 343 1194 chartam
366 1136 397 1194 in
420 1134 575 1213 phoenicio
600 1134 768 1197 obvolutam
791 1135 852 1196 lino
871 1135 1032 1215 conligabis
1051 1135 1111 1197 col·

66 1221 185 1300 mleque
208 1223 376 1301 suspendes
398 1225 639 1303 meminerisque,
663 1231 697 1285 ut
720 1223 849 1286 mundus
873 1224 944 1285 haec
968 1225 1058 1286 facias
1081 1234 1112 1285 et

99 1328 134 1370 ne
156 1313 248 1372 tertia
271 1329 360 1372 manu
383 1314 532 1392 scriptura
554 1320 701 1391 tangatur.

184 1399 301 1460 Gallam
323 1409 440 1461 tunsam
464 1409 495 1462 et
517 1400 676 1462 cribratam
701 1409 789 1480 atque
813 1401 929 1462 alumen
949 1410 1110 1482 utrumque
1129 1411 1165 1461 9ο

100 1490 200 1566 aequis
223 1488 414 1568 portionibus
437 1508 537 1550 sumes
560 1499 590 1550 et
613 1493 697 1569 prius
721 1493 751 1550 in
776 1488 863 1551 ollam
886 1508 992 1551 novam
1011 1492 1110 1551 mittes

100 1584 128 1636 et
149 1577 208 1638 mel
233 1577 347 1638 bonum
368 1586 458 1656 atque
482 1586 599 1640 acetum
617 1581 764 1657 optimum
786 1579 897 1639 adicies
916 1587 947 1638 et
966 1581 997 1638 in
1016 1596 1110 1639 unum

66 1679 87 1719 n
100 1664 248 1746 decoques
277 1676 365 1745 atque
392 1667 462 1726 inde
490 1667 602 1728 crificia
630 1669 800 1745 geusiarum
828 1674 859 1727 et
882 1667 982 1728 fauces
1006 1668 1111 1726 intriu-

101 1771 184 1815 secus
202 1754 390 1835 perfricabis.
427 1753 620 1835 vettonicam,
643 1757 845 1837 argimoniam‚
868 1754 1035 1835 verbenam,
1062 1773 1110 1814 ru·
1130 1764 1164 1813 91

99 1840 181 1923 bum,
204 1845 410 1924 senecionem,
432 1851 575 1925 mentam,
598 1843 784 1904 cucurbitam
807 1846 930 1923 siccam,
958 1844 1029 1905 hinc
1051 1862 1111 1903 am·

100 1929 175 2008 plius
197 1933 302 1993 mittes
321 1931 425 1992 sardae
443 1941 532 2012 caput
551 1940 691 2014 assatum,
714 1935 827 2012 piperis
847 1932 1007 2012 modicum,
1030 1940 1111 1994 teres

100 2018 170 2081 baec
198 2023 299 2082 omnia
327 2020 485 2100 diligenter
511 2034 542 2081 et
568 2020 708 2082 miscebis
736 2029 767 2081 et
792 2023 835 2082 sic
858 2023 947 2082 etiam
970 2041 1024 2101 per
1047 2023 1111 2102 pin·

67 2108 196 2169 onulam
221 2109 378 2171 delicatam
400 2108 537 2171 faucibus
559 2112 687 2192 inseres3
712 2111 788 2170 mire
811 2110 867 2171 hoc
891 2110 1023 2172 remedio
1047 2129 1109 2172 car·

100 2195 264 2259 buuculnm
287 2206 318 2259 et
340 2198 485 2278 quidquid
506 2199 574 2258 mali
591 2200 669 2260 intra
689 2199 790 2260 fauces
809 2202 867 2261 erit
885 2198 1013 2260 curabis.
1045 2199 1111 2261 Olei
1129 2207 1164 2257 99

100 2283 168 2347 boni
185 2286 327 2366 cyathum
346 2305 438 2349 uuum
459 2296 489 2347 et
506 2290 644 2348 sucinum
660 2307 763 2349 verum
779 2290 810 2349 in
825 2288 912 2349 ollam
926 2306 1032 2348 novam
1046 2290 1111 2349 mit·

101 2381 144 2434 tes
171 2383 262 2454 atque
292 2375 328 2435 ad
351 2375 463 2436 medias
487 2375 649 2458 decoques‚
680 2376 787 2437 deinde
811 2379 950 2438 sucinum
972 2375 1058 2437 tolles
1082 2385 1112 2437 et

102 2463 260 2524 combures
283 2471 313 2523 et
335 2471 415 2524 teres
434 2472 464 2524 et
481 2463 634 2544 pulverem
653 2467 718 2525 eius
736 2467 767 2525 in
787 2466 886 2526 oleum
909 2483 999 2542 supra
1019 2467 1112 2542 scrip-

66 2556 161 2611 ulum
188 2553 294 2612 mittes
323 2559 354 2612 ct
385 2570 443 2613 uua
476 2554 586 2614 iterum
618 2553 776 2632 diligenter
807 2560 887 2613 teres
921 2561 1010 2630 atque
1042 2553 1110 2613 inde

101 2638 219 2714 tolibus,
242 2642 381 2720 quotiens
404 2659 480 2721 opus
498 2642 598 2722 fuerit,
620 2641 765 2721 adpones3
789 2641 953 2719 experieris
972 2657 1111 2718 magnum

101 2729 273 2793 remedium.

186 2817 231 2877 dd
250 2818 400 2897 parotidas
419 2820 558 2881 convenit
574 2828 701 2879 noctuae
716 2817 897 2878 cerebellum
911 2816 1019 2898 butyro
1038 2817 1110 2877 mix·
1130 2825 1165 2875 99

101 2910 162 2964 tum
181 2906 303 2986 adponi;
321 2906 445 2969 discutit
463 2909 543 2968 euim
561 2907 624 2968 fere
643 2925 694 2967 eas
713 2909 778 2968 sinc
796 2906 898 2968 dolore
920 2916 949 2968 et
968 2906 1111 2968 molestia.

66 3002 89 3041 ³⁰
102 2990 226 3071 Oportet
253 3002 354 3056 autem
382 3014 458 3076 aqua
480 2997 594 3057 marina
617 2996 745 3057 ferventi
772 2998 855 3058 novis
888 2996 1019 3076 sfongeis
1051 2995 1111 3058 illic

102 3081 244 3145 demersis
268 3091 299 3145 ct
321 3084 413 3145 linteo
435 3084 483 3145 vel
506 3084 615 3145 sabano
642 3087 755 3147 intorto
782 3087 933 3166 utrimque
962 3087 1111 3166 expressis

101 3187 242 3250 vaporare
261 3191 315 3240 eas,
327 3180 416 3252 atque
430 3175 471 3233 ita
485 3172 612 3234 oblinire
626 3173 683 3234 boc
697 3175 946 3235 medicamentum
961 3191 1111 3253 superque

171 3331 187 3379 6
211 3323 464 3395 τριμερυχροισέον.
540 3328 604 3393 fort.
625 3325 766 3382 Θάνατον.
845 3332 860 3382 Ἰ
879 3327 1110 3388 successtiones.

101 3396 117 3445 8
144 3394 234 3449 σῶσόν
262 3395 430 3452 Carnarius:
457 3414 535 3451 σονν.
647 3397 1016 3468 σεμνερνερτερονντερβατε
1040 3397 1111 3466 (sic).

104 3463 264 3522 efoenieio.
362 3473 394 3524 16
412 3466 582 3523 vetonicam.
675 3474 707 3522 16
727 3467 904 3524 senicionem.
994 3473 1029 3523 20
1048 3467 1111 3522 dili-

102 3539 203 3602 gatam.
277 3543 312 3593 9ο
330 3554 432 3607 equum
450 3536 597 3595 marinam
670 3539 802 3609 ferventi]
822 3538 968 3606 frequenti

1120 3731 1228 3962 s
