2609 4017
596 186 837 254 -358..

154 350 288 412 toslacta
312 352 338 411 si
361 349 490 411 clavellis
510 349 656 432 alligetur,
675 351 749 410 mire
769 349 911 428 proderit.
944 349 1049 410 Salicis
1068 367 1210 410 ramorum

207 442 372 518 primorum
395 439 442 499 vel
465 457 648 500 summorum
673 440 801 499 ramices
820 447 996 518 exuruntur,
1019 456 1121 500 earum
1140 439 1210 499 ciuis

207 547 276 590 cum
300 545 376 606 aqua
398 529 555 606 impositus
578 526 709 588 clarellis
732 527 889 588 confestim
914 527 1060 588 medetur.

156 629 206 679 109
296 617 367 677 Beta
391 634 458 677 cum
481 615 568 677 melle
592 623 622 676 et
645 633 714 676 cum
736 616 795 676 lieu
814 617 895 677 arida
914 622 1040 677 contusa
1058 623 1144 694 atque
1161 617 1209 676 im·

207 707 303 784 posita
326 704 463 765 medetur
489 704 631 765 articulis.
1231 723 1240 763 s

155 805 206 856 110
296 792 339 854 Ad
367 795 495 874 spinam,
524 811 599 872 quae
627 795 748 872 corpori
776 795 893 854 etiamsi
919 795 950 854 iu
977 792 1126 871 profundo
1149 791 1210 852 hae

207 883 290 963 serit,
313 881 494 942 avellendam
518 881 684 942 remedium
708 882 813 943 clilcax
830 884 888 943 sic:
909 880 1028 942 Florem
1047 882 1165 961 cineris,
1185 880 1211 940 id

208 979 253 1030 est
272 973 472 1030 summitatem
492 970 615 1052 favillae,
634 969 756 1049 colliges
775 970 953 1031 nitidissime
967 979 1081 1031 etcum
1095 972 1212 1048 axungia

207 1067 331 1120 contusa
354 1059 493 1120 miscebis
517 1066 604 1137 atque
629 1059 665 1119 ad
689 1057 801 1141 locum,
828 1062 859 1120 in
887 1077 947 1138 quo
970 1060 1056 1138 spina
1083 1058 1213 1138 haeserit7

206 1146 312 1208 leviter
336 1147 481 1229 alligabis3
505 1150 604 1209 statim
628 1155 680 1208 aut
703 1150 819 1227 spinam
841 1149 935 1226 ipsam
958 1147 1088 1208 extrahit
1109 1156 1161 1208 aut
1176 1149 1243 1208 itan

207 1236 242 1296 ad
267 1238 466 1297 summitatem
491 1238 569 1298 cutis
592 1236 708 1326 educet,
732 1245 766 1298 ut
789 1236 874 1297 lacile
896 1237 992 1315 possit
1014 1235 1110 1297 avelli.

605 1431 684 1493 ChP.
708 1429 822 1492 XXXV.

205 1543 396 1600 Nervorum
423 1542 513 1599 vitiis
544 1555 584 1599 aa
611 1543 788 1600 doloribus
812 1543 970 1599 omnibus
993 1545 1027 1598 et
1050 1541 1214 1598 arthritidi

206 1644 246 1688 ac
262 1630 411 1702 paralysi
429 1635 464 1686 et
482 1630 659 1688 doloribus
674 1631 905 1688 medullarum
916 1630 1067 1687 remedie
1079 1631 1214 1701 physico

333 1723 368 1774 et
389 1719 602 1776 rationabilis
623 1719 757 1776 &verse
778 1721 821 1775 de
845 1719 1095 1790 experimentis.

171 1867 184 1916 t
293 1854 398 1916 Nervis
426 1863 456 1917 ct
484 1855 634 1916 arthritidi
662 1856 753 1935 adeps
780 1855 930 1917 vulturina
958 1874 1026 1916 cum
1050 1855 1119 1916 lelle
1142 1858 1213 1917 eius

206 1944 273 2005 dem
297 1952 338 2005 et·
351 1963 419 2005 cum
443 1947 568 2023 axungia
589 1951 688 2005 vetere
707 1963 741 2006 ac
761 1944 846 2005 melle
866 1943 1048 2023 malagmatis
1066 1962 1152 2005 more
1168 1943 1211 2004 ad·

170 2034 304 2112 tposita
332 2033 478 2093 medetur.
524 2033 689 2094 Nervcrum
718 2034 804 2094 nodis
832 2035 938 2111 capitis
966 2035 1094 2112 viperini
1122 2035 1212 2094 exusti

206 2123 283 2182 ciuis
305 2138 374 2180 cum
397 2120 461 2180 cleo
485 2123 607 2200 cyprino
632 2121 786 2200 adpositus
809 2121 970 2201 plurimum
994 2122 1126 2200 prodest.
1222 2140 1241 2180 a

171 2221 187 2269 a
296 2207 444 2268 Tremulis
463 2217 493 2269 et
512 2209 621 2287 quihus
638 2213 724 2271 nervi
742 2210 854 2271 infirmi
872 2217 943 2271 sunt
961 2209 1034 2270 utile
1053 2218 1100 2270 est
1118 2209 1211 2270 holera

206 2316 274 2359 cum
303 2314 378 2376 aqua
405 2298 608 2359 tantummodo
637 2298 759 2359 decocta
786 2317 856 2360 cum
883 2317 959 2378 pane
986 2297 1165 2360 manducare
1185 2307 1211 2358 et

207 2386 272 2447 cleo
296 2388 445 2447 castorius
468 2387 500 2446 iu
522 2385 627 2447 balneo
651 2387 775 2448 adsidue
797 2388 935 2466 perungi.

170 2488 188 2536 4
295 2473 406 2536 Raram
435 2474 569 2536 rubetam
598 2483 628 2536 et
657 2476 752 2555 adipis
779 2478 900 2536 ursinae
928 2509 972 2520 -
994 2474 1035 2535 lll
1064 2493 1134 2536 cum
1160 2473 1211 2534 olei

205 2566 315 2625 veteris
343 2566 480 2624 sextariis
507 2562 604 2624 tribus
632 2565 665 2624 in
687 2564 744 2624 olla
766 2564 835 2625 rudi
858 2564 893 2624 ad
915 2563 1028 2624 medias
1051 2563 1241 2644 decoquitur

206 2653 313 2714 deiude
336 2652 444 2734 colato;
467 2651 541 2713 haec
564 2655 667 2713 unctio
690 2653 863 2732 frequenter
886 2651 1016 2713 adhibita
1038 2670 1099 2712 non
1123 2652 1212 2713 solum

205 2759 313 2802 nervos
337 2742 501 2821 confirmat,
524 2740 576 2802 sed
601 2748 631 2801 et
653 2740 802 2820 paralysin
825 2740 944 2820 repellit
968 2748 996 2802 et
1019 2743 1165 2820 reprimit.

170 2841 185 2890 5
294 2828 434 2907 Malagma
455 2831 543 2890 etiam
563 2829 598 2890 ad
618 2829 778 2909 podagram
797 2829 990 2891 etarthritim
1005 2829 1085 2890 etad
1100 2846 1212 2890 omnem

205 2916 338 2978 dolorem
367 2927 397 2978 ct
425 2920 590 2978 tensionem
613 2936 773 2978 nervorum
797 2920 853 2979 sic:
886 2917 1093 2978 Ammoniacae
1117 2926 1211 2997 guttae

204 3005 236 3066 P.
256 3006 282 3088 1,
306 3017 391 3065 cerae
414 3005 445 3066 P.
465 3005 491 3086 l,
514 3008 658 3085 axungiae
680 3008 791 3067 veteris
813 3006 845 3066 P.
865 3005 895 3087 S,
919 3005 977 3066 clei
999 3008 1110 3066 veteris
1132 3006 1165 3068 P.
1181 3004 1243 3087 ll‚c

149 3161 152 3167 ,
205 3093 263 3156 olei
290 3093 405 3155 cedrini
427 3093 459 3154 P.
477 3094 503 3174 1,
531 3097 646 3156 rosacei
674 3102 726 3156 aut
748 3096 818 3156 irini
841 3094 900 3155 olei
921 3094 953 3155 P.
973 3092 999 3174 1,
1029 3097 1112 3156 croci
1134 3093 1212 3175 -1,

204 3185 283 3245 Assii
309 3182 416 3262 lapidis
445 3215 486 3225 -
512 3182 537 3263 1,
567 3201 681 3262 myrrae
711 3217 751 3228 -
777 3183 802 3264 l,
831 3184 998 3262 aphronitri
1025 3185 1212 3245 semunciam.

204 3272 238 3332 ln
261 3272 367 3351 patella
390 3289 465 3332 nova
488 3270 620 3351 liquefiat
642 3274 769 3352 axungia
793 3280 824 3332 et
846 3290 915 3333 cera
937 3290 1007 3333 cum
1030 3271 1095 3332 oleo
1118 3278 1212 3333 vetere

249 3545 254 3556 Ι
295 3476 788 3556 isalicis1criPlhs.n.ls.24‚66.
898 3483 931 3531 12
950 3476 1037 3545 adeps
1056 3475 1211 3532 vulturinus

204 3544 281 3599 Plan.
354 3552 387 3600 26
406 3545 484 3616 inni]
503 3547 611 3614 cyprini
629 3547 754 3604 Scribon.
