<?xml version="1.0" encoding="UTF-8"?>
<!DOCTYPE html PUBLIC "-//W3C//DTD XHTML 1.0 Transitional//EN"
    "http://www.w3.org/TR/xhtml1/DTD/xhtml1-transitional.dtd">
<html xmlns="http://www.w3.org/1999/xhtml" xml:lang="en" lang="en">
 <head>
  <title>
</title>
<meta http-equiv="Content-Type" content="text/html;charset=utf-8" />
  <meta name='ocr-system' content='tesseract 3.04.00' />
  <meta name='ocr-capabilities' content='ocr_page ocr_carea ocr_par ocr_line ocrx_word'/>
</head>
<body>
  <div class='ocr_page' id='page_1' title='image "./marcellidemedic03helmgoog_0306.png"; bbox 0 0 2609 4017; ppageno 0'>
   <div class='ocr_carea' id='block_1_1' title="bbox 578 202 818 267">
    <p class='ocr_par' dir='ltr' id='par_1_1' title="bbox 578 202 818 267">
     <span class='ocr_line' id='line_1_1' title="bbox 578 202 818 267; baseline -0.008 1"><span class='ocrx_word' id='word_1_1' title='bbox 578 202 818 267; x_wconf 78' lang='lat'>—294—</span> 
     </span>
    </p>
   </div>
   <div class='ocr_carea' id='block_1_2' title="bbox 140 362 1238 974">
    <p class='ocr_par' dir='ltr' id='par_1_2' title="bbox 156 362 1213 712">
     <span class='ocr_line' id='line_1_2' title="bbox 156 362 1212 442; baseline -0.005 -14"><span class='ocrx_word' id='word_1_2' title='bbox 156 385 172 434; x_wconf 82' lang='lat' dir='ltr'><strong>s</strong></span> <span class='ocrx_word' id='word_1_3' title='bbox 282 367 326 427; x_wconf 88' lang='lat' dir='ltr'><strong>lid</strong></span> <span class='ocrx_word' id='word_1_4' title='bbox 349 368 444 427; x_wconf 89' lang='lat' dir='ltr'><strong>tineas</strong></span> <span class='ocrx_word' id='word_1_5' title='bbox 467 365 615 426; x_wconf 89' lang='lat' dir='ltr'><strong>necandas</strong></span> <span class='ocrx_word' id='word_1_6' title='bbox 638 365 804 426; x_wconf 89' lang='lat' dir='ltr'><strong>remedium</strong></span> <span class='ocrx_word' id='word_1_7' title='bbox 828 370 1000 442; x_wconf 91' lang='lat' dir='ltr'><strong>competens</strong></span> <span class='ocrx_word' id='word_1_8' title='bbox 1024 366 1082 425; x_wconf 88' lang='lat' dir='ltr'><strong>sic:</strong></span> <span class='ocrx_word' id='word_1_9' title='bbox 1104 362 1212 424; x_wconf 80' lang='lat' dir='ltr'><strong>Filicis</strong></span> 
     </span>
     <span class='ocr_line' id='line_1_3' title="bbox 191 451 1212 537; baseline -0.005 -19"><span class='ocrx_word' id='word_1_10' title='bbox 191 458 300 518; x_wconf 75' lang='lat' dir='ltr'><strong>radicis</strong></span> <span class='ocrx_word' id='word_1_11' title='bbox 324 456 435 537; x_wconf 86' lang='lat' dir='ltr'><strong>aridae,</strong></span> <span class='ocrx_word' id='word_1_12' title='bbox 459 455 594 515; x_wconf 90' lang='lat' dir='ltr'><strong>nasturci</strong></span> <span class='ocrx_word' id='word_1_13' title='bbox 617 455 739 513; x_wconf 87' lang='lat' dir='ltr'><strong>seminis</strong></span> <span class='ocrx_word' id='word_1_14' title='bbox 762 452 788 512; x_wconf 69' lang='lat' dir='ltr'>X</span> <span class='ocrx_word' id='word_1_15' title='bbox 811 459 964 533; x_wconf 87' lang='lat' dir='ltr'><strong>septenos,</strong></span> <span class='ocrx_word' id='word_1_16' title='bbox 987 451 1140 513; x_wconf 76' lang='lat' dir='ltr'>coriandri</span> <span class='ocrx_word' id='word_1_17' title='bbox 1163 469 1212 513; x_wconf 80' lang='lat' dir='ltr'><strong>se</strong></span> 
     </span>
     <span class='ocr_line' id='line_1_4' title="bbox 190 540 1213 623; baseline -0.006 -16"><span class='ocrx_word' id='word_1_18' title='bbox 190 546 281 607; x_wconf 92' lang='lat' dir='ltr'><strong>minis</strong></span> <span class='ocrx_word' id='word_1_19' title='bbox 308 543 334 605; x_wconf 71' lang='grc' dir='ltr'>Χ</span> <span class='ocrx_word' id='word_1_20' title='bbox 357 542 389 623; x_wconf 81' lang='lat' dir='ltr'><strong>V,</strong></span> <span class='ocrx_word' id='word_1_21' title='bbox 417 544 489 603; x_wconf 91' lang='lat' dir='ltr'><strong>nitri</strong></span> <span class='ocrx_word' id='word_1_22' title='bbox 516 541 596 603; x_wconf 68' lang='lat' dir='ltr'><strong>xit.</strong></span> <span class='ocrx_word' id='word_1_23' title='bbox 636 541 716 602; x_wconf 87' lang='lat' dir='ltr'><strong>llaec</strong></span> <span class='ocrx_word' id='word_1_24' title='bbox 743 544 842 602; x_wconf 89' lang='lat' dir='ltr'><strong>omnia</strong></span> <span class='ocrx_word' id='word_1_25' title='bbox 868 542 939 602; x_wconf 91' lang='lat' dir='ltr'><strong>trita</strong></span> <span class='ocrx_word' id='word_1_26' title='bbox 966 540 1076 601; x_wconf 89' lang='lat' dir='ltr'><strong>dantur</strong></span> <span class='ocrx_word' id='word_1_27' title='bbox 1104 542 1213 601; x_wconf 88' lang='lat' dir='ltr'><strong>ieiuno</strong></span> 
     </span>
     <span class='ocr_line' id='line_1_5' title="bbox 187 630 743 712; baseline -0.011 -17"><span class='ocrx_word' id='word_1_28' title='bbox 187 640 261 695; x_wconf 78' lang='lat' dir='ltr'><strong>&#39;cum</strong></span> <span class='ocrx_word' id='word_1_29' title='bbox 284 650 376 712; x_wconf 90' lang='lat' dir='ltr'><strong>aquae</strong></span> <span class='ocrx_word' id='word_1_30' title='bbox 400 631 513 691; x_wconf 89' lang='lat' dir='ltr'><strong>mulsae</strong></span> <span class='ocrx_word' id='word_1_31' title='bbox 536 630 663 691; x_wconf 89' lang='lat' dir='ltr'><strong>hemina.</strong></span> <span class='ocrx_word' id='word_1_32' title='bbox 734 630 743 639; x_wconf 84' lang='lat'>&#39;</span> 
     </span>
    </p>

    <p class='ocr_par' dir='ltr' id='par_1_3' title="bbox 140 717 1238 797">
     <span class='ocr_line' id='line_1_6' title="bbox 140 717 1238 797; baseline -0.011 -10"><span class='ocrx_word' id='word_1_33' title='bbox 140 738 173 787; x_wconf 87' lang='lat'><strong>10</strong></span> <span class='ocrx_word' id='word_1_34' title='bbox 280 720 349 781; x_wconf 89' lang='lat' dir='ltr'><strong>llnli</strong></span> <span class='ocrx_word' id='word_1_35' title='bbox 371 719 477 780; x_wconf 92' lang='lat' dir='ltr'><strong>Punici</strong></span> <span class='ocrx_word' id='word_1_36' title='bbox 500 737 591 780; x_wconf 90' lang='lat' dir='ltr'><strong>sucus</strong></span> <span class='ocrx_word' id='word_1_37' title='bbox 614 719 725 780; x_wconf 79' lang='lat' dir='ltr'><strong>radicis</strong></span> <span class='ocrx_word' id='word_1_38' title='bbox 746 717 793 777; x_wconf 85' lang='lat' dir='ltr'><strong>vel</strong></span> <span class='ocrx_word' id='word_1_39' title='bbox 816 717 955 779; x_wconf 85' lang='lat' dir='ltr'><strong>loliorum</strong></span> <span class='ocrx_word' id='word_1_40' title='bbox 975 718 1109 779; x_wconf 89' lang='lat' dir='ltr'><strong>ciusdem</strong></span> <span class='ocrx_word' id='word_1_41' title='bbox 1128 732 1238 797; x_wconf 74' lang='lat' dir='ltr'><strong>aquae</strong></span> 
     </span>
    </p>

    <p class='ocr_par' dir='ltr' id='par_1_4' title="bbox 140 805 1213 974">
     <span class='ocr_line' id='line_1_7' title="bbox 140 805 1213 887; baseline -0.007 -15"><span class='ocrx_word' id='word_1_42' title='bbox 140 826 172 873; x_wconf 92' lang='lat'><strong>11</strong></span> <span class='ocrx_word' id='word_1_43' title='bbox 192 809 333 870; x_wconf 92' lang='lat' dir='ltr'><strong>decoctus</strong></span> <span class='ocrx_word' id='word_1_44' title='bbox 356 809 500 887; x_wconf 90' lang='lat' dir='ltr'><strong>potuique</strong></span> <span class='ocrx_word' id='word_1_45' title='bbox 524 825 592 868; x_wconf 94' lang='lat' dir='ltr'><strong>cum</strong></span> <span class='ocrx_word' id='word_1_46' title='bbox 616 806 676 867; x_wconf 88' lang='lat' dir='ltr'><strong>sale</strong></span> <span class='ocrx_word' id='word_1_47' title='bbox 700 807 786 867; x_wconf 85' lang='lat' dir='ltr'><strong>datus</strong></span> <span class='ocrx_word' id='word_1_48' title='bbox 809 808 905 867; x_wconf 85' lang='lat' dir='ltr'><strong>tineas</strong></span> <span class='ocrx_word' id='word_1_49' title='bbox 928 815 1023 867; x_wconf 86' lang='lat' dir='ltr'><strong>necat</strong></span> <span class='ocrx_word' id='word_1_50' title='bbox 1059 805 1213 866; x_wconf 73' lang='lat' dir='ltr'><strong>Marrubii</strong></span> 
     </span>
     <span class='ocr_line' id='line_1_8' title="bbox 192 894 1213 974; baseline -0.002 -17"><span class='ocrx_word' id='word_1_51' title='bbox 192 904 222 957; x_wconf 92' lang='lat' dir='ltr'><strong>et</strong></span> <span class='ocrx_word' id='word_1_52' title='bbox 249 896 398 958; x_wconf 88' lang='lat' dir='ltr'><strong>absenthii</strong></span> <span class='ocrx_word' id='word_1_53' title='bbox 426 903 456 957; x_wconf 87' lang='lat' dir='ltr'><strong>ct</strong></span> <span class='ocrx_word' id='word_1_54' title='bbox 484 895 654 974; x_wconf 91' lang='lat' dir='ltr'><strong>lupinorum</strong></span> <span class='ocrx_word' id='word_1_55' title='bbox 682 897 765 974; x_wconf 90' lang='lat' dir='ltr'><strong>paria</strong></span> <span class='ocrx_word' id='word_1_56' title='bbox 793 894 926 973; x_wconf 91' lang='lat' dir='ltr'><strong>pondera</strong></span> <span class='ocrx_word' id='word_1_57' title='bbox 950 897 984 955; x_wconf 95' lang='lat' dir='ltr'><strong>in</strong></span> <span class='ocrx_word' id='word_1_58' title='bbox 1011 913 1089 974; x_wconf 90' lang='lat' dir='ltr'><strong>aqua</strong></span> <span class='ocrx_word' id='word_1_59' title='bbox 1110 894 1213 955; x_wconf 86' lang='lat' dir='ltr'><strong>mulsa</strong></span> 
     </span>
    </p>
   </div>
   <div class='ocr_carea' id='block_1_3' title="bbox 140 983 1295 1250">
    <p class='ocr_par' dir='ltr' id='par_1_5' title="bbox 140 983 1295 1250">
     <span class='ocr_line' id='line_1_9' title="bbox 191 983 1213 1063; baseline -0.003 -18"><span class='ocrx_word' id='word_1_60' title='bbox 191 995 275 1047; x_wconf 87' lang='lat' dir='ltr'><strong>cocta</strong></span> <span class='ocrx_word' id='word_1_61' title='bbox 302 986 403 1047; x_wconf 91' lang='lat' dir='ltr'><strong>ieiuno</strong></span> <span class='ocrx_word' id='word_1_62' title='bbox 431 983 478 1046; x_wconf 90' lang='lat' dir='ltr'><strong>bis</strong></span> <span class='ocrx_word' id='word_1_63' title='bbox 506 991 556 1045; x_wconf 89' lang='lat' dir='ltr'><strong>ant</strong></span> <span class='ocrx_word' id='word_1_64' title='bbox 585 991 631 1044; x_wconf 89' lang='lat' dir='ltr'><strong>ter</strong></span> <span class='ocrx_word' id='word_1_65' title='bbox 658 984 745 1063; x_wconf 90' lang='lat' dir='ltr'><strong>potui</strong></span> <span class='ocrx_word' id='word_1_66' title='bbox 772 983 839 1043; x_wconf 90' lang='lat' dir='ltr'><strong>data</strong></span> <span class='ocrx_word' id='word_1_67' title='bbox 867 984 1025 1044; x_wconf 88' lang='lat' dir='ltr'><strong>adversum</strong></span> <span class='ocrx_word' id='word_1_68' title='bbox 1052 985 1152 1044; x_wconf 85' lang='lat' dir='ltr'><strong>tineas</strong></span> <span class='ocrx_word' id='word_1_69' title='bbox 1180 990 1213 1043; x_wconf 93' lang='lat' dir='ltr'><strong>et</strong></span> 
     </span>
     <span class='ocr_line' id='line_1_10' title="bbox 140 1070 1214 1154; baseline -0.007 -16"><span class='ocrx_word' id='word_1_70' title='bbox 140 1090 171 1138; x_wconf 77' lang='lat'><strong>12</strong></span> <span class='ocrx_word' id='word_1_71' title='bbox 190 1072 353 1136; x_wconf 82' lang='lat' dir='ltr'><strong>lumbricos</strong></span> <span class='ocrx_word' id='word_1_72' title='bbox 380 1073 543 1154; x_wconf 91' lang='lat' dir='ltr'><strong>plurimum</strong></span> <span class='ocrx_word' id='word_1_73' title='bbox 569 1080 706 1151; x_wconf 90' lang='lat' dir='ltr'><strong>prosunt</strong></span> <span class='ocrx_word' id='word_1_74' title='bbox 746 1070 853 1131; x_wconf 81' lang='lat' dir='ltr'><strong>Farina</strong></span> <span class='ocrx_word' id='word_1_75' title='bbox 882 1070 1054 1150; x_wconf 90' lang='lat' dir='ltr'><strong>lupinorum</strong></span> <span class='ocrx_word' id='word_1_76' title='bbox 1084 1070 1214 1131; x_wconf 85' lang='lat' dir='ltr'><strong>decocta</strong></span> 
     </span>
     <span class='ocr_line' id='line_1_11' title="bbox 191 1158 1295 1250; baseline -0.006 -26"><span class='ocrx_word' id='word_1_77' title='bbox 191 1181 228 1224; x_wconf 91' lang='lat' dir='ltr'><strong>ex</strong></span> <span class='ocrx_word' id='word_1_78' title='bbox 256 1182 331 1243; x_wconf 89' lang='lat' dir='ltr'><strong>aqna</strong></span> <span class='ocrx_word' id='word_1_79' title='bbox 359 1171 390 1223; x_wconf 87' lang='lat' dir='ltr'><strong>ct</strong></span> <span class='ocrx_word' id='word_1_80' title='bbox 417 1180 499 1222; x_wconf 90' lang='lat' dir='ltr'><strong>more</strong></span> <span class='ocrx_word' id='word_1_81' title='bbox 527 1160 745 1239; x_wconf 78' lang='lat' dir='ltr'><strong>cataplasmatis</strong></span> <span class='ocrx_word' id='word_1_82' title='bbox 770 1162 867 1220; x_wconf 86' lang='lat' dir='ltr'><strong>ventri</strong></span> <span class='ocrx_word' id='word_1_83' title='bbox 890 1162 1018 1238; x_wconf 87' lang='lat' dir='ltr'><strong>inposita</strong></span> <span class='ocrx_word' id='word_1_84' title='bbox 1041 1158 1212 1219; x_wconf 86' lang='lat' dir='ltr'><strong>lumbricos</strong></span> <span class='ocrx_word' id='word_1_85' title='bbox 1226 1176 1250 1215; x_wconf 83' lang='lat' dir='ltr'><strong>m</strong></span> <span class='ocrx_word' id='word_1_86' title='bbox 1294 1239 1295 1250; x_wconf 10' lang='grc' dir='ltr'>ἵ</span> 
     </span>
    </p>
   </div>
   <div class='ocr_carea' id='block_1_4' title="bbox 139 1251 1297 3357">
    <p class='ocr_par' dir='ltr' id='par_1_6' title="bbox 190 1251 1295 1328">
     <span class='ocr_line' id='line_1_12' title="bbox 190 1251 1295 1328; baseline -0.009 -16"><span class='ocrx_word' id='word_1_87' title='bbox 190 1251 236 1312; x_wconf 82' lang='lat' dir='ltr'><strong>rel</strong></span> <span class='ocrx_word' id='word_1_88' title='bbox 259 1254 354 1313; x_wconf 88' lang='lat' dir='ltr'><strong>tineas</strong></span> <span class='ocrx_word' id='word_1_89' title='bbox 377 1258 472 1310; x_wconf 88' lang='lat' dir='ltr'><strong>necat.</strong></span> <span class='ocrx_word' id='word_1_90' title='bbox 544 1290 547 1297; x_wconf 41' lang='grc' dir='ltr'>ι</span> <span class='ocrx_word' id='word_1_91' title='bbox 1294 1297 1295 1328; x_wconf 55' lang='lat'>3</span> 
     </span>
    </p>

    <p class='ocr_par' dir='ltr' id='par_1_7' title="bbox 139 1335 1297 2828">
     <span class='ocr_line' id='line_1_13' title="bbox 139 1335 1295 1413; baseline -0.008 -9"><span class='ocrx_word' id='word_1_92' title='bbox 139 1356 171 1404; x_wconf 85' lang='lat'><strong>13</strong></span> <span class='ocrx_word' id='word_1_93' title='bbox 279 1339 323 1399; x_wconf 76' lang='lat' dir='ltr'><strong>Ad</strong></span> <span class='ocrx_word' id='word_1_94' title='bbox 350 1336 513 1399; x_wconf 87' lang='lat' dir='ltr'><strong>lumbricos</strong></span> <span class='ocrx_word' id='word_1_95' title='bbox 541 1345 571 1397; x_wconf 92' lang='lat' dir='ltr'><strong>et</strong></span> <span class='ocrx_word' id='word_1_96' title='bbox 598 1338 694 1397; x_wconf 89' lang='lat' dir='ltr'><strong>tineas</strong></span> <span class='ocrx_word' id='word_1_97' title='bbox 723 1335 872 1397; x_wconf 90' lang='lat' dir='ltr'><strong>eiciendas</strong></span> <span class='ocrx_word' id='word_1_98' title='bbox 901 1335 1068 1396; x_wconf 88' lang='lat' dir='ltr'><strong>remedium</strong></span> <span class='ocrx_word' id='word_1_99' title='bbox 1096 1342 1213 1413; x_wconf 90' lang='lat' dir='ltr'><strong>potens</strong></span> <span class='ocrx_word' id='word_1_100' title='bbox 1294 1339 1295 1352; x_wconf 76' lang='lat'><em>²</em></span> 
     </span>
     <span class='ocr_line' id='line_1_14' title="bbox 191 1423 1213 1507; baseline -0.005 -20"><span class='ocrx_word' id='word_1_101' title='bbox 191 1428 248 1487; x_wconf 89' lang='lat' dir='ltr'><strong>sic:</strong></span> <span class='ocrx_word' id='word_1_102' title='bbox 285 1426 369 1507; x_wconf 80' lang='lat' dir='ltr'><strong>limi,</strong></span> <span class='ocrx_word' id='word_1_103' title='bbox 400 1424 527 1486; x_wconf 87' lang='lat' dir='ltr'><strong>filiculae</strong></span> <span class='ocrx_word' id='word_1_104' title='bbox 558 1424 675 1485; x_wconf 92' lang='lat' dir='ltr'><strong>radices</strong></span> <span class='ocrx_word' id='word_1_105' title='bbox 702 1431 843 1503; x_wconf 81' lang='lat' dir='ltr'><strong>purgatas</strong></span> <span class='ocrx_word' id='word_1_106' title='bbox 872 1423 908 1485; x_wconf 91' lang='lat' dir='ltr'><strong>ad</strong></span> <span class='ocrx_word' id='word_1_107' title='bbox 939 1426 1044 1485; x_wconf 92' lang='lat' dir='ltr'><strong>uncias</strong></span> <span class='ocrx_word' id='word_1_108' title='bbox 1072 1424 1213 1501; x_wconf 82' lang='lat' dir='ltr'><strong>singulas</strong></span> 
     </span>
     <span class='ocr_line' id='line_1_15' title="bbox 190 1511 1213 1593; baseline -0.003 -17"><span class='ocrx_word' id='word_1_109' title='bbox 190 1533 327 1576; x_wconf 90' lang='lat' dir='ltr'><strong>seorsum</strong></span> <span class='ocrx_word' id='word_1_110' title='bbox 349 1513 458 1575; x_wconf 90' lang='lat' dir='ltr'><strong>tundes</strong></span> <span class='ocrx_word' id='word_1_111' title='bbox 481 1513 558 1574; x_wconf 89' lang='lat' dir='ltr'><strong>bene</strong></span> <span class='ocrx_word' id='word_1_112' title='bbox 581 1514 612 1573; x_wconf 92' lang='lat' dir='ltr'><strong>in</strong></span> <span class='ocrx_word' id='word_1_113' title='bbox 634 1513 693 1591; x_wconf 91' lang='lat' dir='ltr'><strong>pila</strong></span> <span class='ocrx_word' id='word_1_114' title='bbox 717 1511 823 1593; x_wconf 80' lang='lat' dir='ltr'><strong>lignea,</strong></span> <span class='ocrx_word' id='word_1_115' title='bbox 847 1512 954 1573; x_wconf 92' lang='lat' dir='ltr'><strong>deinde</strong></span> <span class='ocrx_word' id='word_1_116' title='bbox 975 1512 1087 1573; x_wconf 80' lang='lat' dir='ltr'><strong>adicies</strong></span> <span class='ocrx_word' id='word_1_117' title='bbox 1104 1512 1213 1573; x_wconf 88' lang='lat' dir='ltr'><strong>inulae</strong></span> 
     </span>
     <span class='ocr_line' id='line_1_16' title="bbox 190 1595 1250 1689; baseline -0.004 -25"><span class='ocrx_word' id='word_1_118' title='bbox 190 1603 301 1665; x_wconf 85' lang='lat' dir='ltr'><strong>radicis</strong></span> <span class='ocrx_word' id='word_1_119' title='bbox 330 1595 469 1689; x_wconf 62' lang='lat' dir='ltr'><strong>7Q‹Vlll,</strong></span> <span class='ocrx_word' id='word_1_120' title='bbox 497 1603 673 1661; x_wconf 87' lang='lat' dir='ltr'><strong>ammoniaci</strong></span> <span class='ocrx_word' id='word_1_121' title='bbox 700 1603 819 1661; x_wconf 87' lang='lat' dir='ltr'><strong>unciam</strong></span> <span class='ocrx_word' id='word_1_122' title='bbox 846 1609 876 1661; x_wconf 91' lang='lat' dir='ltr'><strong>et</strong></span> <span class='ocrx_word' id='word_1_123' title='bbox 903 1600 1053 1661; x_wconf 84' lang='lat' dir='ltr'><strong>coriandri</strong></span> <span class='ocrx_word' id='word_1_124' title='bbox 1080 1603 1250 1661; x_wconf 80' lang='lat' dir='ltr'><strong>seminisc</strong></span> 
     </span>
     <span class='ocr_line' id='line_1_17' title="bbox 190 1686 1296 1778; baseline -0.003 -26"><span class='ocrx_word' id='word_1_125' title='bbox 190 1709 311 1753; x_wconf 89' lang='lat' dir='ltr'><strong>manum</strong></span> <span class='ocrx_word' id='word_1_126' title='bbox 334 1691 451 1770; x_wconf 87' lang='lat' dir='ltr'><strong>plenam</strong></span> <span class='ocrx_word' id='word_1_127' title='bbox 474 1697 504 1751; x_wconf 89' lang='lat' dir='ltr'><strong>et</strong></span> <span class='ocrx_word' id='word_1_128' title='bbox 523 1688 639 1751; x_wconf 86' lang='lat' dir='ltr'><strong>cniorbi</strong></span> <span class='ocrx_word' id='word_1_129' title='bbox 659 1686 750 1749; x_wconf 59' lang='lat'>3111.</span> <span class='ocrx_word' id='word_1_130' title='bbox 787 1688 847 1749; x_wconf 86' lang='lat' dir='ltr'><strong>llas</strong></span> <span class='ocrx_word' id='word_1_131' title='bbox 866 1707 969 1749; x_wconf 90' lang='lat' dir='ltr'><strong>omnes</strong></span> <span class='ocrx_word' id='word_1_132' title='bbox 988 1690 1103 1768; x_wconf 87' lang='lat' dir='ltr'><strong>species</strong></span> <span class='ocrx_word' id='word_1_133' title='bbox 1121 1707 1213 1750; x_wconf 90' lang='lat' dir='ltr'><strong>seor·</strong></span> <span class='ocrx_word' id='word_1_134' title='bbox 1295 1761 1296 1778; x_wconf 12' lang='grc' dir='ltr'>χ</span> 
     </span>
     <span class='ocr_line' id='line_1_18' title="bbox 191 1776 1296 1857; baseline -0.005 -17"><span class='ocrx_word' id='word_1_135' title='bbox 191 1798 258 1841; x_wconf 90' lang='lat' dir='ltr'><strong>sum</strong></span> <span class='ocrx_word' id='word_1_136' title='bbox 282 1788 419 1840; x_wconf 89' lang='lat' dir='ltr'><strong>conteres</strong></span> <span class='ocrx_word' id='word_1_137' title='bbox 443 1778 519 1839; x_wconf 90' lang='lat' dir='ltr'><strong>bene</strong></span> <span class='ocrx_word' id='word_1_138' title='bbox 539 1796 634 1857; x_wconf 90' lang='lat' dir='ltr'><strong>nsque</strong></span> <span class='ocrx_word' id='word_1_139' title='bbox 653 1777 690 1837; x_wconf 93' lang='lat' dir='ltr'><strong>ad</strong></span> <span class='ocrx_word' id='word_1_140' title='bbox 709 1794 854 1837; x_wconf 88' lang='lat' dir='ltr'><strong>summam</strong></span> <span class='ocrx_word' id='word_1_141' title='bbox 873 1776 1023 1838; x_wconf 87' lang='lat' dir='ltr'><strong>levitatem</strong></span> <span class='ocrx_word' id='word_1_142' title='bbox 1041 1785 1072 1837; x_wconf 91' lang='lat' dir='ltr'><strong>et</strong></span> <span class='ocrx_word' id='word_1_143' title='bbox 1089 1779 1116 1837; x_wconf 90' lang='lat' dir='ltr'><strong>si</strong></span> <span class='ocrx_word' id='word_1_144' title='bbox 1136 1780 1213 1838; x_wconf 80' lang='lat' dir='ltr'><strong>viri-</strong></span> <span class='ocrx_word' id='word_1_145' title='bbox 1295 1783 1296 1834; x_wconf 66' lang='grc' dir='ltr'>ἔ</span> 
     </span>
     <span class='ocr_line' id='line_1_19' title="bbox 191 1863 1296 1947; baseline -0.001 -20"><span class='ocrx_word' id='word_1_146' title='bbox 191 1866 237 1928; x_wconf 91' lang='lat' dir='ltr'><strong>dis</strong></span> <span class='ocrx_word' id='word_1_147' title='bbox 261 1867 352 1928; x_wconf 86' lang='lat' dir='ltr'><strong>luerit</strong></span> <span class='ocrx_word' id='word_1_148' title='bbox 374 1868 457 1928; x_wconf 91' lang='lat' dir='ltr'><strong>radix</strong></span> <span class='ocrx_word' id='word_1_149' title='bbox 476 1866 612 1947; x_wconf 84' lang='lat' dir='ltr'><strong>filiculae,</strong></span> <span class='ocrx_word' id='word_1_150' title='bbox 637 1864 754 1945; x_wconf 90' lang='lat' dir='ltr'><strong>quando</strong></span> <span class='ocrx_word' id='word_1_151' title='bbox 774 1864 854 1925; x_wconf 91' lang='lat' dir='ltr'><strong>illam</strong></span> <span class='ocrx_word' id='word_1_152' title='bbox 872 1865 990 1946; x_wconf 84' lang='lat' dir='ltr'><strong>tondes,</strong></span> <span class='ocrx_word' id='word_1_153' title='bbox 1013 1883 1118 1926; x_wconf 88' lang='lat' dir='ltr'><strong>sucum</strong></span> <span class='ocrx_word' id='word_1_154' title='bbox 1139 1868 1212 1926; x_wconf 88' lang='lat' dir='ltr'><strong>eins</strong></span> <span class='ocrx_word' id='word_1_155' title='bbox 1295 1863 1296 1866; x_wconf 67' lang='grc'>’</span> 
     </span>
     <span class='ocr_line' id='line_1_20' title="bbox 191 1952 1211 2035; baseline 0 -20"><span class='ocrx_word' id='word_1_156' title='bbox 191 1956 339 2035; x_wconf 88' lang='lat' dir='ltr'><strong>exprimes</strong></span> <span class='ocrx_word' id='word_1_157' title='bbox 363 1965 392 2016; x_wconf 88' lang='lat' dir='ltr'><strong>et</strong></span> <span class='ocrx_word' id='word_1_158' title='bbox 414 1957 512 2035; x_wconf 88' lang='lat' dir='ltr'><strong>ipsum</strong></span> <span class='ocrx_word' id='word_1_159' title='bbox 534 1953 720 2015; x_wconf 90' lang='lat' dir='ltr'><strong>admiscebis.</strong></span> <span class='ocrx_word' id='word_1_160' title='bbox 752 1952 856 2014; x_wconf 85' lang='lat' dir='ltr'><strong>Facies</strong></span> <span class='ocrx_word' id='word_1_161' title='bbox 874 1953 981 2033; x_wconf 88' lang='lat' dir='ltr'><strong>pilulas</strong></span> <span class='ocrx_word' id='word_1_162' title='bbox 1000 1954 1211 2032; x_wconf 79' lang='lat' dir='ltr'><strong>magnitudine</strong></span> 
     </span>
     <span class='ocr_line' id='line_1_21' title="bbox 190 2042 1251 2123; baseline -0.004 -20"><span class='ocrx_word' id='word_1_163' title='bbox 190 2060 234 2123; x_wconf 85' lang='lat' dir='ltr'><strong>ea,</strong></span> <span class='ocrx_word' id='word_1_164' title='bbox 258 2060 315 2121; x_wconf 88' lang='lat' dir='ltr'><strong>qua</strong></span> <span class='ocrx_word' id='word_1_165' title='bbox 338 2060 394 2102; x_wconf 88' lang='lat' dir='ltr'><strong>ano</strong></span> <span class='ocrx_word' id='word_1_166' title='bbox 417 2045 489 2103; x_wconf 90' lang='lat' dir='ltr'><strong>inici</strong></span> <span class='ocrx_word' id='word_1_167' title='bbox 511 2045 636 2121; x_wconf 88' lang='lat' dir='ltr'><strong>possint,</strong></span> <span class='ocrx_word' id='word_1_168' title='bbox 659 2044 798 2121; x_wconf 90' lang='lat' dir='ltr'><strong>ipsasque</strong></span> <span class='ocrx_word' id='word_1_169' title='bbox 816 2042 909 2103; x_wconf 83' lang='lat' dir='ltr'><strong>tactas</strong></span> <span class='ocrx_word' id='word_1_170' title='bbox 927 2042 1067 2103; x_wconf 86' lang='lat' dir='ltr'><strong>infundes</strong></span> <span class='ocrx_word' id='word_1_171' title='bbox 1086 2044 1116 2101; x_wconf 95' lang='lat' dir='ltr'><strong>in</strong></span> <span class='ocrx_word' id='word_1_172' title='bbox 1139 2061 1210 2104; x_wconf 89' lang='lat' dir='ltr'><strong>cer·</strong></span> <span class='ocrx_word' id='word_1_173' title='bbox 1224 2060 1251 2099; x_wconf 78' lang='lat' dir='ltr'><strong>so</strong></span> 
     </span>
     <span class='ocr_line' id='line_1_22' title="bbox 191 2129 1212 2211; baseline 0.001 -22"><span class='ocrx_word' id='word_1_174' title='bbox 191 2132 287 2191; x_wconf 79' lang='lat' dir='ltr'><strong>resine</strong></span> <span class='ocrx_word' id='word_1_175' title='bbox 316 2147 407 2190; x_wconf 87' lang='lat' dir='ltr'><strong>novae</strong></span> <span class='ocrx_word' id='word_1_176' title='bbox 436 2133 572 2191; x_wconf 81' lang='lat' dir='ltr'><strong>sextariis</strong></span> <span class='ocrx_word' id='word_1_177' title='bbox 601 2130 718 2191; x_wconf 90' lang='lat' dir='ltr'><strong>duobus</strong></span> <span class='ocrx_word' id='word_1_178' title='bbox 746 2138 776 2190; x_wconf 90' lang='lat' dir='ltr'><strong>et</strong></span> <span class='ocrx_word' id='word_1_179' title='bbox 804 2130 899 2191; x_wconf 88' lang='lat' dir='ltr'><strong>mellis</strong></span> <span class='ocrx_word' id='word_1_180' title='bbox 926 2129 1046 2211; x_wconf 81' lang='lat' dir='ltr'><strong>cyatb03</strong></span> <span class='ocrx_word' id='word_1_181' title='bbox 1074 2131 1212 2209; x_wconf 90' lang='lat' dir='ltr'><strong>quodsi</strong></span> 
     </span>
     <span class='ocr_line' id='line_1_23' title="bbox 190 2217 1212 2299; baseline -0.001 -20"><span class='ocrx_word' id='word_1_182' title='bbox 190 2220 223 2279; x_wconf 92' lang='lat' dir='ltr'><strong>in</strong></span> <span class='ocrx_word' id='word_1_183' title='bbox 249 2236 284 2277; x_wconf 88' lang='lat' dir='ltr'><strong>ea</strong></span> <span class='ocrx_word' id='word_1_184' title='bbox 311 2220 464 2296; x_wconf 86' lang='lat' dir='ltr'><strong>provincia</strong></span> <span class='ocrx_word' id='word_1_185' title='bbox 492 2218 660 2280; x_wconf 88' lang='lat' dir='ltr'><strong>laciendum</strong></span> <span class='ocrx_word' id='word_1_186' title='bbox 687 2218 778 2280; x_wconf 83' lang='lat' dir='ltr'><strong>tuerit</strong></span> <span class='ocrx_word' id='word_1_187' title='bbox 803 2217 860 2280; x_wconf 90' lang='lat' dir='ltr'><strong>boc</strong></span> <span class='ocrx_word' id='word_1_188' title='bbox 883 2219 1148 2299; x_wconf 82' lang='lat' dir='ltr'><strong>medicamentum,</strong></span> <span class='ocrx_word' id='word_1_189' title='bbox 1177 2221 1212 2279; x_wconf 92' lang='lat' dir='ltr'><strong>in</strong></span> 
     </span>
     <span class='ocr_line' id='line_1_24' title="bbox 192 2305 1297 2390; baseline -0.002 -21"><span class='ocrx_word' id='word_1_190' title='bbox 192 2325 249 2386; x_wconf 90' lang='lat' dir='ltr'><strong>qua</strong></span> <span class='ocrx_word' id='word_1_191' title='bbox 273 2308 398 2367; x_wconf 87' lang='lat' dir='ltr'><strong>cervisia</strong></span> <span class='ocrx_word' id='word_1_192' title='bbox 420 2324 481 2368; x_wconf 90' lang='lat' dir='ltr'><strong>non</strong></span> <span class='ocrx_word' id='word_1_193' title='bbox 505 2315 563 2389; x_wconf 87' lang='lat' dir='ltr'><strong>est,</strong></span> <span class='ocrx_word' id='word_1_194' title='bbox 589 2326 624 2367; x_wconf 86' lang='lat' dir='ltr'><strong>ex</strong></span> <span class='ocrx_word' id='word_1_195' title='bbox 648 2326 724 2386; x_wconf 89' lang='lat' dir='ltr'><strong>aqna</strong></span> <span class='ocrx_word' id='word_1_196' title='bbox 747 2305 841 2390; x_wconf 86' lang='lat' dir='ltr'><strong>dabis,</strong></span> <span class='ocrx_word' id='word_1_197' title='bbox 864 2310 895 2367; x_wconf 95' lang='lat' dir='ltr'><strong>in</strong></span> <span class='ocrx_word' id='word_1_198' title='bbox 921 2325 978 2386; x_wconf 91' lang='lat' dir='ltr'><strong>qua</strong></span> <span class='ocrx_word' id='word_1_199' title='bbox 1000 2315 1096 2386; x_wconf 81' lang='lat' dir='ltr'><strong>myrta</strong></span> <span class='ocrx_word' id='word_1_200' title='bbox 1118 2316 1211 2367; x_wconf 91' lang='lat' dir='ltr'><strong>cocta</strong></span> <span class='ocrx_word' id='word_1_201' title='bbox 1234 2315 1238 2321; x_wconf 84' lang='grc'><strong>’</strong></span> <span class='ocrx_word' id='word_1_202' title='bbox 1296 2345 1297 2348; x_wconf 57' lang='lat'><em>=</em></span> 
     </span>
     <span class='ocr_line' id='line_1_25' title="bbox 191 2394 1210 2478; baseline 0 -23"><span class='ocrx_word' id='word_1_203' title='bbox 191 2398 231 2456; x_wconf 93' lang='lat' dir='ltr'><strong>sit</strong></span> <span class='ocrx_word' id='word_1_204' title='bbox 253 2395 289 2456; x_wconf 93' lang='lat' dir='ltr'><strong>ad</strong></span> <span class='ocrx_word' id='word_1_205' title='bbox 312 2397 458 2456; x_wconf 86' lang='lat' dir='ltr'><strong>sextarios</strong></span> <span class='ocrx_word' id='word_1_206' title='bbox 477 2395 560 2478; x_wconf 85' lang='lat' dir='ltr'><strong>duos,</strong></span> <span class='ocrx_word' id='word_1_207' title='bbox 584 2404 635 2456; x_wconf 88' lang='lat' dir='ltr'><strong>aut</strong></span> <span class='ocrx_word' id='word_1_208' title='bbox 653 2414 722 2456; x_wconf 92' lang='lat' dir='ltr'><strong>cum</strong></span> <span class='ocrx_word' id='word_1_209' title='bbox 741 2413 828 2474; x_wconf 89' lang='lat' dir='ltr'><strong>sapae</strong></span> <span class='ocrx_word' id='word_1_210' title='bbox 847 2398 956 2457; x_wconf 86' lang='lat' dir='ltr'><strong>mixtae</strong></span> <span class='ocrx_word' id='word_1_211' title='bbox 975 2396 1112 2456; x_wconf 85' lang='lat' dir='ltr'><strong>sextariis</strong></span> <span class='ocrx_word' id='word_1_212' title='bbox 1129 2394 1210 2455; x_wconf 94' lang='lat' dir='ltr'><strong>duo-</strong></span> 
     </span>
     <span class='ocr_line' id='line_1_26' title="bbox 191 2481 1250 2564; baseline -0.006 -19"><span class='ocrx_word' id='word_1_213' title='bbox 191 2483 248 2545; x_wconf 94' lang='lat' dir='ltr'><strong>bus</strong></span> <span class='ocrx_word' id='word_1_214' title='bbox 272 2493 360 2564; x_wconf 88' lang='lat' dir='ltr'><strong>atque</strong></span> <span class='ocrx_word' id='word_1_215' title='bbox 384 2502 420 2545; x_wconf 92' lang='lat' dir='ltr'><strong>ex</strong></span> <span class='ocrx_word' id='word_1_216' title='bbox 444 2503 479 2545; x_wconf 92' lang='lat' dir='ltr'><strong>eo</strong></span> <span class='ocrx_word' id='word_1_217' title='bbox 502 2483 683 2563; x_wconf 87' lang='lat' dir='ltr'><strong>temperabis</strong></span> <span class='ocrx_word' id='word_1_218' title='bbox 706 2485 858 2561; x_wconf 90' lang='lat' dir='ltr'><strong>potionem</strong></span> <span class='ocrx_word' id='word_1_219' title='bbox 880 2493 910 2545; x_wconf 89' lang='lat' dir='ltr'><strong>et</strong></span> <span class='ocrx_word' id='word_1_220' title='bbox 929 2483 1012 2544; x_wconf 89' lang='lat' dir='ltr'><strong>dabis</strong></span> <span class='ocrx_word' id='word_1_221' title='bbox 1031 2481 1209 2564; x_wconf 82' lang='lat' dir='ltr'><strong>bibendam3</strong></span> <span class='ocrx_word' id='word_1_222' title='bbox 1223 2499 1250 2539; x_wconf 78' lang='lat' dir='ltr'><strong>ss</strong></span> 
     </span>
     <span class='ocr_line' id='line_1_27' title="bbox 191 2571 1210 2652; baseline -0.001 -19"><span class='ocrx_word' id='word_1_223' title='bbox 191 2574 269 2633; x_wconf 91' lang='lat' dir='ltr'><strong>intra</strong></span> <span class='ocrx_word' id='word_1_224' title='bbox 292 2573 381 2635; x_wconf 90' lang='lat' dir='ltr'><strong>horas</strong></span> <span class='ocrx_word' id='word_1_225' title='bbox 404 2571 457 2632; x_wconf 93' lang='lat' dir='ltr'><strong>llll</strong></span> <span class='ocrx_word' id='word_1_226' title='bbox 480 2572 587 2633; x_wconf 87' lang='lat' dir='ltr'><strong>deiciat</strong></span> <span class='ocrx_word' id='word_1_227' title='bbox 606 2578 725 2650; x_wconf 88' lang='lat' dir='ltr'><strong>oportet</strong></span> <span class='ocrx_word' id='word_1_228' title='bbox 742 2572 921 2632; x_wconf 87' lang='lat' dir='ltr'><strong>vermiculos</strong></span> <span class='ocrx_word' id='word_1_229' title='bbox 939 2571 985 2631; x_wconf 85' lang='lat' dir='ltr'><strong>vel</strong></span> <span class='ocrx_word' id='word_1_230' title='bbox 1003 2573 1113 2652; x_wconf 64' lang='lat' dir='ltr'><strong>tineam</strong></span> <span class='ocrx_word' id='word_1_231' title='bbox 1135 2579 1210 2632; x_wconf 89' lang='lat' dir='ltr'><strong>ante</strong></span> 
     </span>
     <span class='ocr_line' id='line_1_28' title="bbox 191 2658 1210 2739; baseline 0.001 -19"><span class='ocrx_word' id='word_1_232' title='bbox 191 2662 324 2723; x_wconf 90' lang='lat' dir='ltr'><strong>triduum</strong></span> <span class='ocrx_word' id='word_1_233' title='bbox 353 2679 423 2721; x_wconf 92' lang='lat' dir='ltr'><strong>sane</strong></span> <span class='ocrx_word' id='word_1_234' title='bbox 450 2659 568 2721; x_wconf 88' lang='lat' dir='ltr'><strong>iubebis</strong></span> <span class='ocrx_word' id='word_1_235' title='bbox 595 2678 665 2720; x_wconf 92' lang='lat' dir='ltr'><strong>eum</strong></span> <span class='ocrx_word' id='word_1_236' title='bbox 693 2658 786 2720; x_wconf 89' lang='lat' dir='ltr'><strong>cibari</strong></span> <span class='ocrx_word' id='word_1_237' title='bbox 808 2659 866 2720; x_wconf 94' lang='lat' dir='ltr'><strong>alio</strong></span> <span class='ocrx_word' id='word_1_238' title='bbox 889 2668 919 2721; x_wconf 89' lang='lat' dir='ltr'><strong>et</strong></span> <span class='ocrx_word' id='word_1_239' title='bbox 942 2678 1017 2739; x_wconf 91' lang='lat' dir='ltr'><strong>pane</strong></span> <span class='ocrx_word' id='word_1_240' title='bbox 1040 2677 1096 2737; x_wconf 88' lang='lat' dir='ltr'><strong>per</strong></span> <span class='ocrx_word' id='word_1_241' title='bbox 1118 2677 1153 2720; x_wconf 88' lang='lat' dir='ltr'><strong>se</strong></span> <span class='ocrx_word' id='word_1_242' title='bbox 1178 2667 1210 2721; x_wconf 90' lang='lat' dir='ltr'><strong>et</strong></span> 
     </span>
     <span class='ocr_line' id='line_1_29' title="bbox 191 2747 870 2828; baseline -0.004 -19"><span class='ocrx_word' id='word_1_243' title='bbox 191 2748 396 2811; x_wconf 84' lang='lat' dir='ltr'><strong>tantummodo</strong></span> <span class='ocrx_word' id='word_1_244' title='bbox 419 2766 538 2828; x_wconf 89' lang='lat' dir='ltr'><strong>poscam</strong></span> <span class='ocrx_word' id='word_1_245' title='bbox 562 2747 674 2809; x_wconf 87' lang='lat' dir='ltr'><strong>bibere.</strong></span> <span class='ocrx_word' id='word_1_246' title='bbox 867 2762 870 2771; x_wconf 92' lang='lat'>·</span> 
     </span>
    </p>

    <p class='ocr_par' dir='ltr' id='par_1_8' title="bbox 140 2834 1249 3357">
     <span class='ocr_line' id='line_1_30' title="bbox 140 2834 1209 2915; baseline 0 -19"><span class='ocrx_word' id='word_1_247' title='bbox 140 2836 174 2884; x_wconf 83' lang='lat'><strong>14</strong></span> <span class='ocrx_word' id='word_1_248' title='bbox 281 2836 486 2897; x_wconf 87' lang='lat' dir='ltr'><strong>lntlationibns</strong></span> <span class='ocrx_word' id='word_1_249' title='bbox 513 2838 724 2897; x_wconf 90' lang='lat' dir='ltr'><strong>intestinorum</strong></span> <span class='ocrx_word' id='word_1_250' title='bbox 751 2835 875 2914; x_wconf 91' lang='lat' dir='ltr'><strong>prodest</strong></span> <span class='ocrx_word' id='word_1_251' title='bbox 898 2834 944 2895; x_wconf 86' lang='lat' dir='ltr'><strong>vel</strong></span> <span class='ocrx_word' id='word_1_252' title='bbox 967 2834 1129 2914; x_wconf 91' lang='lat' dir='ltr'><strong>serpullum</strong></span> <span class='ocrx_word' id='word_1_253' title='bbox 1153 2854 1209 2915; x_wconf 77' lang='lat' dir='ltr'><strong>po</strong></span> 
     </span>
     <span class='ocr_line' id='line_1_31' title="bbox 192 2923 1249 3003; baseline -0.002 -21"><span class='ocrx_word' id='word_1_254' title='bbox 192 2929 258 2983; x_wconf 88' lang='lat' dir='ltr'><strong>tum</strong></span> <span class='ocrx_word' id='word_1_255' title='bbox 281 2941 318 2983; x_wconf 85' lang='lat' dir='ltr'><strong>ex</strong></span> <span class='ocrx_word' id='word_1_256' title='bbox 341 2926 408 2985; x_wconf 92' lang='lat' dir='ltr'><strong>vino</strong></span> <span class='ocrx_word' id='word_1_257' title='bbox 430 2927 517 3003; x_wconf 81' lang='lat' dir='ltr'><strong>nigro</strong></span> <span class='ocrx_word' id='word_1_258' title='bbox 535 2924 582 2986; x_wconf 81' lang='lat' dir='ltr'><strong>vel</strong></span> <span class='ocrx_word' id='word_1_259' title='bbox 600 2926 754 2985; x_wconf 92' lang='lat' dir='ltr'><strong>cuminum</strong></span> <span class='ocrx_word' id='word_1_260' title='bbox 772 2923 937 2985; x_wconf 85' lang='lat' dir='ltr'><strong>silvaticum</strong></span> <span class='ocrx_word' id='word_1_261' title='bbox 955 2925 1061 2984; x_wconf 90' lang='lat' dir='ltr'><strong>tritum</strong></span> <span class='ocrx_word' id='word_1_262' title='bbox 1080 2942 1117 2984; x_wconf 91' lang='lat' dir='ltr'><strong>ex</strong></span> <span class='ocrx_word' id='word_1_263' title='bbox 1134 2926 1207 2984; x_wconf 85' lang='lat' dir='ltr'><strong>vino</strong></span> <span class='ocrx_word' id='word_1_264' title='bbox 1221 2938 1249 2979; x_wconf 80' lang='lat' dir='ltr'><strong>ao</strong></span> 
     </span>
     <span class='ocr_line' id='line_1_32' title="bbox 191 3011 1208 3093; baseline 0.002 -22"><span class='ocrx_word' id='word_1_265' title='bbox 191 3011 278 3090; x_wconf 79' lang='lat' dir='ltr'><strong>nigro</strong></span> <span class='ocrx_word' id='word_1_266' title='bbox 302 3011 348 3071; x_wconf 84' lang='lat' dir='ltr'><strong>vel</strong></span> <span class='ocrx_word' id='word_1_267' title='bbox 371 3030 445 3091; x_wconf 91' lang='lat' dir='ltr'><strong>aqua</strong></span> <span class='ocrx_word' id='word_1_268' title='bbox 470 3021 538 3092; x_wconf 91' lang='lat' dir='ltr'><strong>pota</strong></span> <span class='ocrx_word' id='word_1_269' title='bbox 561 3011 796 3093; x_wconf 69' lang='lat' dir='ltr'><strong>apiastri&#39;quod</strong></span> <span class='ocrx_word' id='word_1_270' title='bbox 821 3011 927 3072; x_wconf 87' lang='lat' dir='ltr'><strong>Graeci</strong></span> <span class='ocrx_word' id='word_1_271' title='bbox 949 3013 1066 3071; x_wconf 91' lang='lat' dir='ltr'><strong>erotion</strong></span> <span class='ocrx_word' id='word_1_272' title='bbox 1089 3021 1208 3092; x_wconf 87' lang='lat' dir='ltr'><strong>vocant,</strong></span> 
     </span>
     <span class='ocr_line' id='line_1_33' title="bbox 192 3098 1207 3178; baseline 0.002 -19"><span class='ocrx_word' id='word_1_273' title='bbox 192 3117 247 3178; x_wconf 90' lang='lat' dir='ltr'><strong>per</strong></span> <span class='ocrx_word' id='word_1_274' title='bbox 275 3117 306 3160; x_wconf 91' lang='lat' dir='ltr'><strong>se</strong></span> <span class='ocrx_word' id='word_1_275' title='bbox 333 3099 400 3160; x_wconf 88' lang='lat' dir='ltr'><strong>data</strong></span> <span class='ocrx_word' id='word_1_276' title='bbox 422 3100 468 3161; x_wconf 81' lang='lat' dir='ltr'><strong>vel</strong></span> <span class='ocrx_word' id='word_1_277' title='bbox 492 3120 582 3162; x_wconf 81' lang='lat' dir='ltr'><strong>sucus</strong></span> <span class='ocrx_word' id='word_1_278' title='bbox 606 3102 672 3161; x_wconf 92' lang='lat' dir='ltr'><strong>eius</strong></span> <span class='ocrx_word' id='word_1_279' title='bbox 694 3102 763 3162; x_wconf 81' lang='lat' dir='ltr'><strong>rino</strong></span> <span class='ocrx_word' id='word_1_280' title='bbox 786 3101 897 3161; x_wconf 92' lang='lat' dir='ltr'><strong>mixtus</strong></span> <span class='ocrx_word' id='word_1_281' title='bbox 921 3098 967 3160; x_wconf 90' lang='lat' dir='ltr'><strong>vel</strong></span> <span class='ocrx_word' id='word_1_282' title='bbox 989 3100 1106 3178; x_wconf 80' lang='lat' dir='ltr'><strong>origani</strong></span> <span class='ocrx_word' id='word_1_283' title='bbox 1127 3100 1207 3161; x_wconf 90' lang='lat' dir='ltr'><strong>radi·</strong></span> 
     </span>
     <span class='ocr_line' id='line_1_34' title="bbox 192 3186 1208 3250; baseline 0.001 -2"><span class='ocrx_word' id='word_1_284' title='bbox 192 3206 243 3249; x_wconf 87' lang='lat' dir='ltr'><strong>ces</strong></span> <span class='ocrx_word' id='word_1_285' title='bbox 272 3195 434 3250; x_wconf 89' lang='lat' dir='ltr'><strong>contunsae</strong></span> <span class='ocrx_word' id='word_1_286' title='bbox 466 3187 502 3248; x_wconf 91' lang='lat' dir='ltr'><strong>ad</strong></span> <span class='ocrx_word' id='word_1_287' title='bbox 530 3187 555 3247; x_wconf 81' lang='lat' dir='ltr'><strong>ll</strong></span> <span class='ocrx_word' id='word_1_288' title='bbox 583 3187 597 3247; x_wconf 95' lang='lat' dir='ltr'><strong>l</strong></span> <span class='ocrx_word' id='word_1_289' title='bbox 625 3207 662 3248; x_wconf 85' lang='lat' dir='ltr'><strong>ex</strong></span> <span class='ocrx_word' id='word_1_290' title='bbox 688 3190 758 3248; x_wconf 84' lang='lat' dir='ltr'><strong>vino</strong></span> <span class='ocrx_word' id='word_1_291' title='bbox 786 3188 870 3248; x_wconf 89' lang='lat' dir='ltr'><strong>datae</strong></span> <span class='ocrx_word' id='word_1_292' title='bbox 898 3186 945 3249; x_wconf 83' lang='lat' dir='ltr'><strong>vel</strong></span> <span class='ocrx_word' id='word_1_293' title='bbox 971 3195 1039 3249; x_wconf 90' lang='lat' dir='ltr'><strong>ruta</strong></span> <span class='ocrx_word' id='word_1_294' title='bbox 1067 3189 1138 3249; x_wconf 90' lang='lat' dir='ltr'><strong>trita</strong></span> <span class='ocrx_word' id='word_1_295' title='bbox 1170 3207 1208 3249; x_wconf 91' lang='lat' dir='ltr'><strong>ex</strong></span> 
     </span>
     <span class='ocr_line' id='line_1_35' title="bbox 193 3274 1207 3357; baseline 0.001 -20"><span class='ocrx_word' id='word_1_296' title='bbox 193 3294 287 3356; x_wconf 89' lang='lat' dir='ltr'><strong>aquae</strong></span> <span class='ocrx_word' id='word_1_297' title='bbox 315 3276 427 3357; x_wconf 81' lang='lat' dir='ltr'><strong>cyathis</strong></span> <span class='ocrx_word' id='word_1_298' title='bbox 455 3274 508 3335; x_wconf 95' lang='lat' dir='ltr'><strong>llll</strong></span> <span class='ocrx_word' id='word_1_299' title='bbox 535 3282 605 3355; x_wconf 92' lang='lat' dir='ltr'><strong>pota</strong></span> <span class='ocrx_word' id='word_1_300' title='bbox 633 3276 680 3336; x_wconf 82' lang='lat' dir='ltr'><strong>rel</strong></span> <span class='ocrx_word' id='word_1_301' title='bbox 707 3275 842 3337; x_wconf 87' lang='lat' dir='ltr'><strong>eiusdem</strong></span> <span class='ocrx_word' id='word_1_302' title='bbox 870 3276 993 3338; x_wconf 90' lang='lat' dir='ltr'><strong>decocta</strong></span> <span class='ocrx_word' id='word_1_303' title='bbox 1018 3275 1104 3337; x_wconf 82' lang='lat' dir='ltr'><strong>radix</strong></span> <span class='ocrx_word' id='word_1_304' title='bbox 1135 3294 1207 3338; x_wconf 90' lang='lat' dir='ltr'><strong>cum</strong></span> 
     </span>
    </p>
   </div>
   <div class='ocr_carea' id='block_1_5' title="bbox 194 3410 1208 3613">
    <p class='ocr_par' dir='ltr' id='par_1_9' title="bbox 194 3410 1208 3613">
     <span class='ocr_line' id='line_1_36' title="bbox 282 3410 1207 3481; baseline 0.001 -16"><span class='ocrx_word' id='word_1_305' title='bbox 282 3416 299 3465; x_wconf 75' lang='lat'>2</span> <span class='ocrx_word' id='word_1_306' title='bbox 317 3410 475 3467; x_wconf 81' lang='lat' dir='ltr'><strong>nosciturci.</strong></span> <span class='ocrx_word' id='word_1_307' title='bbox 558 3416 574 3465; x_wconf 82' lang='grc'>6</span> <span class='ocrx_word' id='word_1_308' title='bbox 593 3411 677 3465; x_wconf 81' lang='lat' dir='ltr'><strong>detur</strong></span> <span class='ocrx_word' id='word_1_309' title='bbox 693 3414 798 3466; x_wconf 70' lang='lat' dir='ltr'><strong>ionem</strong></span> <span class='ocrx_word' id='word_1_310' title='bbox 879 3410 1024 3467; x_wconf 81' lang='lat' dir='ltr'><strong>marrucii.</strong></span> <span class='ocrx_word' id='word_1_311' title='bbox 1106 3417 1123 3466; x_wconf 80' lang='grc'>9</span> <span class='ocrx_word' id='word_1_312' title='bbox 1141 3427 1207 3481; x_wconf 89' lang='lat' dir='ltr'><strong>pro·</strong></span> 
     </span>
     <span class='ocr_line' id='line_1_37' title="bbox 194 3478 1208 3555; baseline 0.007 -24"><span class='ocrx_word' id='word_1_313' title='bbox 194 3478 270 3548; x_wconf 84' lang='lat' dir='ltr'><strong>sunt]</strong></span> <span class='ocrx_word' id='word_1_314' title='bbox 288 3481 410 3548; x_wconf 86' lang='lat' dir='ltr'><strong>prodest.</strong></span> <span class='ocrx_word' id='word_1_315' title='bbox 489 3486 522 3535; x_wconf 83' lang='grc'><strong>13</strong></span> <span class='ocrx_word' id='word_1_316' title='bbox 541 3478 699 3535; x_wconf 80' lang='lat' dir='ltr'><strong>filiciculoa.</strong></span> <span class='ocrx_word' id='word_1_317' title='bbox 779 3487 811 3535; x_wconf 78' lang='lat'><strong>15</strong></span> <span class='ocrx_word' id='word_1_318' title='bbox 831 3481 949 3536; x_wconf 84' lang='lat' dir='ltr'><strong>radices.</strong></span> <span class='ocrx_word' id='word_1_319' title='bbox 1027 3487 1060 3538; x_wconf 80' lang='grc'><strong>18</strong></span> <span class='ocrx_word' id='word_1_320' title='bbox 1079 3482 1208 3555; x_wconf 80' lang='lat' dir='ltr'><strong>quando]</strong></span> 
     </span>
     <span class='ocr_line' id='line_1_38' title="bbox 194 3549 1105 3613; baseline 0.009 -12"><span class='ocrx_word' id='word_1_321' title='bbox 194 3549 342 3613; x_wconf 87' lang='lat' dir='ltr'><strong>quomodo.</strong></span> <span class='ocrx_word' id='word_1_322' title='bbox 415 3554 449 3603; x_wconf 80' lang='lat'><strong>20</strong></span> <span class='ocrx_word' id='word_1_323' title='bbox 468 3549 610 3604; x_wconf 74' lang='lat' dir='ltr'><strong>cervariae</strong></span> <span class='ocrx_word' id='word_1_324' title='bbox 628 3566 710 3605; x_wconf 81' lang='lat' dir='ltr'><strong>nore.</strong></span> <span class='ocrx_word' id='word_1_325' title='bbox 784 3557 818 3605; x_wconf 79' lang='lat'><strong>23</strong></span> <span class='ocrx_word' id='word_1_326' title='bbox 838 3550 1001 3608; x_wconf 71' lang='lat' dir='ltr'><strong>cervisiale.</strong></span> <span class='ocrx_word' id='word_1_327' title='bbox 1020 3553 1037 3608; x_wconf 88' lang='lat' dir='ltr'><strong>l.</strong></span> <span class='ocrx_word' id='word_1_328' title='bbox 1056 3554 1105 3609; x_wconf 83' lang='lat' dir='ltr'><strong>sic.</strong></span> 
     </span>
    </p>
   </div>
   <div class='ocr_carea' id='block_1_6' title="bbox 34 3689 240 3963">
    <p class='ocr_par' dir='ltr' id='par_1_10' title="bbox 34 3689 240 3963">
     <span class='ocr_line' id='line_1_39' title="bbox 34 3689 240 3963; baseline 0 0"><span class='ocrx_word' id='word_1_329' title='bbox 34 3689 240 3963; x_wconf 43' lang='lat'><strong>1⁴1</strong></span> 
     </span>
    </p>
   </div>
   <div class='ocr_carea' id='block_1_7' title="bbox 0 0 1314 4017">
    <p class='ocr_par' dir='ltr' id='par_1_11' title="bbox 0 0 1314 4017">
     <span class='ocr_line' id='line_1_40' title="bbox 0 0 1314 4017; baseline 0 0"><span class='ocrx_word' id='word_1_330' title='bbox 0 0 1314 4017; x_wconf 95' lang='lat' dir='ltr'><strong> </strong></span> 
     </span>
    </p>
   </div>
  </div>
 </body>
</html>
