2609 4017
583 172 823 237 -338-

195 340 221 398 si
248 338 333 416 prius
360 336 464 416 facias,
494 342 652 414 antequam
676 342 837 395 nascantur
858 334 994 412 inguina,
1023 349 1138 392 omnem
1159 333 1207 390 in·

195 429 318 506 guinum
347 425 393 485 vel
421 423 626 503 glandularum
650 423 814 484 molestiam
838 421 1024 502 prohibebis,
1047 423 1074 481 si
1097 427 1205 500 postea,

139 529 176 578 22
196 515 327 576 dolorem
350 522 556 592 tumoremque
576 510 702 573 sedabis.
739 511 899 573 Surculum
918 528 1037 590 quoque
1056 528 1094 570 ex
1112 516 1204 589 myrto

144 613 279 665 2112222
302 609 413 664 tactum
437 604 462 662 si
487 603 554 680 quis
578 608 670 681 gerat,
693 599 729 660 ab
752 600 925 679 inguinibus
948 606 1031 660 tutus
1055 600 1121 660 erit
1160 597 1201 657 ln

180 711 182 714 ·
196 690 337 772 guinibus
355 698 494 768 potenter
513 688 680 768 medeburu,
702 690 728 749 si
746 688 783 750 de
797 689 867 750 licio
881 695 995 768 septem
1008 687 1104 747 nodos
1118 687 1202 747 iacias
1215 701 1230 743 ⁵

199 789 229 841 et
252 780 287 840 ad
313 778 446 857 singulos
469 778 573 839 viduas
596 780 731 838 nomines
754 785 786 838 et
808 795 898 857 supra
921 776 1014 836 talum
1037 778 1105 837 eius
1127 775 1204 854 pedis

199 867 309 947 alliges,
333 869 364 928 in
388 869 474 928 cuius
497 874 581 947 parte
605 874 694 926 erunt
716 868 846 945 inguina.

147 969 180 1019 22
290 955 322 1017 Si
350 955 386 1016 ab
414 956 573 1035 equitando
600 963 703 1016 vexata
726 955 839 1016 luerint
860 956 982 1033 inguina
1004 961 1057 1014 aut
1080 954 1205 1012 intertri-

198 1047 284 1123 gines
307 1043 463 1124 dolebunt,
487 1061 589 1123 spuma
613 1045 683 1123 equi
705 1043 860 1123 fricentur,
883 1044 983 1104 statim
1004 1035 1206 1102 remediabun·

147 1146 181 1196 23
201 1141 259 1195 tur.
296 1133 419 1195 Stercus
438 1133 558 1193 suillum
577 1150 644 1193 cum
664 1131 730 1192 oleo
747 1132 924 1211 perfrictum
943 1139 973 1191 21
990 1133 1021 1191 12
1042 1138 1119 1191 testa
1138 1129 1206 1190 cale-
1218 1145 1243 1186 ro

148 1223 313 1284 2112212111
337 1230 366 1282 et
388 1221 561 1300 inguinibus
584 1222 746 1299 inpositum
765 1220 927 1300 plurimum
944 1219 1077 1298 prodest.
1112 1218 1208 1279 Pollex

202 1313 266 1371 eius
298 1311 396 1390 pedis,
429 1311 460 1369 in
490 1328 548 1389 quo
576 1311 698 1388 inguina
726 1318 827 1389 erunt,
860 1327 928 1370 cum
955 1309 1092 1388 proximo
1120 1307 1208 1386 digito

147 1410 181 1460 22
200 1399 308 1478 ligatus
338 1400 412 1459 mire
441 1397 585 1458 medetur.
627 1397 661 1458 Si
688 1400 755 1477 quis
783 1398 820 1458 ab
848 1396 1007 1477 equitando
1036 1403 1089 1456 aut
1112 1395 1208 1457 ambu-

197 1487 284 1549 lando
303 1489 414 1565 inguen
433 1485 580 1566 habuerit,
599 1485 710 1547 scribat
727 1489 760 1547 in
778 1485 881 1547 charta
896 1503 1002 1558 κυστος
1017 1492 1049 1545 21
1062 1485 1100 1544 ad
1116 1485 1209 1544 lemur

197 1576 254 1638 sibi
278 1575 385 1654 alliget,
410 1577 468 1636 cito
494 1574 654 1637 sanabitur.
1220 1588 1243 1630 u

143 1677 178 1724 22
286 1664 331 1724 Ad
362 1663 565 1743 condylomata
594 1665 749 1741 inguinum
778 1663 825 1723 vel
853 1661 1053 1743 quarumlibet
1081 1662 1209 1739 partium

197 1753 384 1814 malicorium
408 1771 477 1813 cum
500 1753 561 1812 vini
584 1753 688 1830 optimi
711 1753 839 1812 sextario
863 1751 900 1812 ad
924 1751 1045 1831 cyathos
1067 1749 1145 1810 duos
1163 1749 1209 1809 de
1286 1824 1287 1827 Ἴ

198 1850 314 1904 coctum
339 1849 369 1902 21
392 1859 460 1901 cum
484 1841 587 1900 eodem
611 1843 679 1900 vino
703 1843 808 1902 tritum
831 1847 920 1919 atque
943 1848 978 1900 ut
995 1839 1141 1918 malagma
1159 1840 1209 1897 im·

145 1941 179 1990 21
198 1933 329 2010 positum
357 1929 560 2008 condylomata
587 1928 663 1990 lacta
691 1936 837 2007 persanat.
878 1927 1036 1988 lledullam
1064 1930 1148 1988 cauis
1174 1944 1208 1986 ex

199 2021 267 2079 vino
294 2025 394 2077 vetere
428 2017 532 2096 subige
565 2025 595 2078 21
627 2016 779 2096 emplastri
810 2017 898 2077 modo
926 2019 1045 2096 impone
1074 2015 1243 2095 condylo-oo

145 2118 179 2166 28
198 2107 300 2182 matis,
327 2115 465 2183 potenter
493 2123 526 2165 ea
552 2104 679 2166 sanabis.
720 2105 890 2184 Argimonia
913 2107 983 2165 trita
1006 2113 1037 2165 et
1060 2104 1139 2183 adipi
1163 2122 1210 2164 an·

144 2207 179 2255 22
200 2195 315 2254 2221222
335 2192 463 2252 admixta
481 2195 680 2272 impositaque
699 2193 911 2273 condylomatis
929 2193 1075 2254 medetur.
1107 2192 1210 2253 Oleum

198 2289 291 2342 vetus·
308 2299 376 2341 cum
400 2279 518 2359 polenta
541 2281 691 2362 decoques
714 2290 743 2343 et
766 2281 978 2343 calidissimum
998 2279 1211 2360 condylomatis

144 2383 178 2432 30
198 2373 341 2450 impones.
383 2368 465 2430 Folia
492 2368 560 2430 rubi
590 2373 717 2431 contrita
744 2378 865 2431 etcum
889 2378 990 2432 ceroto
1013 2388 1138 2430 rosaceo
1161 2372 1211 2430 im-

143 2461 297 2540 31posita
320 2466 424 2520 sanant
448 2460 545 2519 omnia
569 2459 780 2539 condylomata.
816 2459 915 2538 adeps
938 2460 1053 2519 anseris
1077 2476 1147 2519 cum
1165 2471 1245 2518 ce-as

198 2567 283 2609 russa
316 2556 346 2609 et
380 2546 444 2608 oleo
473 2565 593 2608 rosaceo
623 2558 652 2608 et
685 2566 753 2608 cera
785 2547 907 2608 Pontica
935 2550 967 2607 in
994 2565 1089 2607 unum
1119 2547 1211 2608 ceroti

199 2637 286 2698 modo
311 2638 473 2715 composita
497 2643 527 2696 et
544 2639 682 2714 imposita
701 2635 815 2696 utiliter
833 2635 1047 2715 condylomatis
1065 2636 1211 2696 medetur.

144 2736 178 2785 32
199 2725 265 2786 Μ22
289 2743 424 2806 araneus,
448 2726 500 2803 qui
523 2744 591 2786 cum
612 2727 643 2785 in
662 2725 790 2785 orbitam
808 2725 948 2785 inciderit
966 2725 1103 2805 moritur,
1128 2731 1212 2784 ustus

197 2815 229 2874 in
249 2815 380 2873 cinerem
399 2812 538 2873 redactus
560 2821 589 2873 et
608 2831 677 2874 cum
696 2814 780 2892 adipe
800 2816 937 2874 anserina
955 2814 1124 2892 permixtus
1143 2830 1210 2873 con-

199 2899 353 2980 dylomatis
377 2901 515 2962 inlrictus
539 2904 647 2963 mirum
670 2903 835 2962 remedium
859 2901 964 2962 adlert.
1222 2915 1244 2956 ³⁰

144 3001 179 3050 32
288 2989 331 3048 Ad
360 2991 564 3066 intertrigines
592 2991 737 3051 sanandas
764 2989 893 3070 libystici
920 2990 998 3050 soliis
1021 2990 1209 3051 commandu-

199 3079 273 3138 catis
303 3095 408 3138 suoum
432 3088 588 3156 exceptum
613 3080 639 3139 si
662 3079 777 3139 211222
801 3079 989 3158 adposueris,
1016 3097 1085 3139 cum
1109 3097 1210 3139 morsu

145 3179 181 3228 21
200 3166 333 3246 quidem,
367 3165 418 3226 sed
447 3168 588 3227 continuo
617 3166 743 3229 sanabis.
789 3167 886 3227 Gallae
915 3174 1056 3227 contusae
1083 3169 1116 3227 in
1145 3171 1210 3228 rino

143 3267 180 3316 22
201 3265 302 3332 222122
322 3262 410 3334 atque
429 3255 584 3332 impositae
603 3257 785 3334 intertrigini
803 3255 964 3333 plurimum
984 3263 1120 3334 prosunt.
1151 3255 1210 3316 Cal·

285 3391 395 3445 41222
413 3390 535 3462 tactum]
560 3390 700 3461 legendum
717 3391 825 3446 21212122
842 3392 919 3445 terra
937 3407 992 3445 non
1013 3391 1132 3458 tactum,
1151 3406 1208 3446 cura
1286 3428 1287 3431 ,

195 3461 232 3513 sit
255 3461 331 3528 apud
349 3461 424 3514 Plc'u.
441 3460 480 3526 11,
500 3466 532 3514 21
560 3462 610 3529 (eol.
629 3461 720 3528 Roob:
749 3461 798 3528 qui
819 3461 926 3516 habeat
949 3477 1044 3515 secum
1068 3461 1207 3516 surculum

197 3544 233 3581 cx
249 3532 343 3597 myrto
361 3546 413 3583 nec
430 3529 504 3584 ferro
523 3546 574 3584 nec
593 3533 669 3584 terra
686 3532 806 3599 tactum3
825 3533 861 3599 cf.
880 3533 956 3588 Ptin.
971 3550 1001 3588 u.
1014 3533 1040 3588 lt
1055 3537 1099 3601 23,
1116 3538 1175 3586 1ss.
