2609 4017
561 163 802 228 —172*

122 342 156 388 14
264 327 447 388 Centaureae
470 328 570 387 tenuis
594 344 698 408 sucus,
726 334 870 405 quantum
897 345 959 386 nux
986 325 1118 386 avellana
1148 345 1196 386 re·

175 418 259 498 cipit,
288 435 356 477 cum
385 434 460 497 aqua
487 415 583 476 mulsa
611 415 698 476 datus
726 415 773 476 vel
799 414 940 475 ianthidis
962 415 1086 496 herbae,
1115 433 1197 494 quae

173 506 284 567 umidis
306 506 381 566 locis
404 506 546 584 nascitur,
570 505 661 564 unius
682 505 799 566 fruticis
819 503 887 563 lolia
906 506 975 564 trita
995 523 1064 570 cum
1083 504 1196 583 cyatho

174 612 268 673 aquae
291 595 358 654 data
381 595 556 672 suspiriosis
579 593 741 672 plurimum
760 602 899 674 prosunt;
921 594 988 652 vino
1008 595 1053 653 uti
1072 601 1196 672 oportet

174 685 364 764 suspiriosos,
383 684 413 743 iu
434 700 492 761 quo
512 690 699 763 centaureae,
718 681 857 761 absinthi,
880 684 995 761 origani
1018 689 1047 742 et
1066 684 1226 759 uagari-a

174 773 242 850 gani
264 779 295 832 et
315 772 422 851 hysopi
452 780 482 831 et
504 770 599 850 thymi
626 778 657 831 et
679 771 760 851 pulei
784 779 812 832 et
835 779 921 832 rutae
944 770 1079 832 fasciculi
1101 773 1194 831 tertia

122 875 154 922 15
174 860 308 921 detracta
331 861 444 921 luerint
467 860 591 921 decocti.
634 859 776 939 Cupressi
798 859 907 939 pilulae
930 861 1018 920 tritae
1041 867 1130 938 potae
1156 877 1196 920 ex

173 951 242 1009 vino
268 950 383 1010 faciunt
411 948 489 1009 hene
517 967 577 1008 non
605 948 701 1009 solum
732 949 768 1009 ad
799 951 977 1028 suspirium,
1009 948 1062 1008 sed
1095 956 1128 1008 et
1156 948 1194 1008 ad

172 1040 314 1098 iocineris
337 1046 368 1099 et
390 1039 521 1117 pectoris
544 1044 575 1097 et
594 1037 697 1098 vulvae
717 1037 859 1119 dolorem,
883 1040 909 1098 si
927 1037 1046 1098 leminis
1067 1037 1196 1119 dentur,

172 1128 241 1188 lolia
265 1135 364 1189 autem
389 1126 523 1187 eiusdem
545 1144 614 1186 cum
637 1134 705 1186 ruta
729 1128 798 1187 trita
828 1136 858 1187 et
884 1135 953 1205 pota
977 1127 1108 1205 pectoris
1134 1126 1236 1186 tol-10

171 1217 238 1277 lunt
265 1216 411 1297 dolorem,
440 1215 577 1276 similiter
604 1223 709 1276 cortex
737 1223 767 1276 et
794 1216 879 1275 radix
907 1216 1043 1294 cupressi
1066 1214 1193 1275 decocta

172 1304 208 1365 ad
233 1305 335 1366 eadem
359 1313 500 1385 prosunt,
523 1303 574 1364 sed
599 1304 713 1365 iaciunt
736 1313 767 1364 et
789 1304 825 1364 ad
849 1303 1023 1382 lalangionis
1045 1321 1194 1386 morsum,

172 1395 199 1454 si
222 1395 409 1454 extrinsecus
431 1395 614 1472 inponantur
636 1393 789 1473 emplastri
812 1411 895 1453 more
919 1393 1081 1472 conposita.

120 1496 153 1544 16
261 1483 387 1543 Acetum
411 1501 447 1542 ex
471 1481 571 1542 scillae
595 1481 685 1543 bulbo
709 1483 819 1543 lactum
845 1482 970 1543 mirifice
993 1481 1116 1560 prodest
1141 1499 1193 1541 su·

172 1572 321 1653 spiriosis3
354 1571 491 1632 similiter
518 1578 636 1631 acetum
664 1589 700 1631 11
727 1571 842 1651 thymo,
872 1573 995 1650 origano
1025 1569 1190 1649 puleioque
1206 1588 1234 1628 11

120 1675 152 1723 11
173 1661 342 1722 confectum
360 1661 492 1740 prodest,
511 1661 538 1720 si
556 1659 679 1720 adsidue
698 1659 882 1738 degustetur.
912 1659 1005 1720 Utiles
1025 1667 1096 1719 suut
1108 1661 1193 1721 iuter

171 1750 256 1810 initia
281 1751 415 1828 quamvis
438 1748 562 1810 molesta
586 1750 759 1828 suspiriosis
779 1748 957 1809 sorbitiones
975 1747 1013 1808 de
1031 1765 1123 1826 porro
1144 1767 1192 1808 ca-

172 1840 266 1916 pitato
284 1839 379 1899 factae
398 1845 429 1898 et
448 1856 484 1897 11
497 1840 595 1898 urtica
614 1846 703 1916 atque
722 1841 867 1899 nasturcii
886 1839 1007 1898 semine.
1035 1836 1192 1915 Peruugui

173 1935 271 1986 autem
301 1945 352 1986 eos
380 1932 498 2004 oportet
525 1924 618 1986 rebus
648 1926 902 2006 calefacientibus,
935 1933 1017 1986 certe
1044 1925 1190 2004 pyrethro

173 2032 241 2075 cum
264 2013 329 2074 oleo
353 2013 491 2094 decocto,
518 2017 699 2092 gestationes
723 2034 842 2094 quoque
866 2016 1019 2095 perviam
1042 2022 1190 2094 myrteam
1205 2030 1232 2071 so

171 2109 299 2181 prosunt
326 2111 357 2163 et
383 2104 410 2162 si
432 2120 523 2181 super
545 2103 681 2164 lecticam
705 2103 751 2164 vel
778 2104 1002 2182 superlectum
1026 2104 1191 2182 suspenda-

120 2203 153 2252 18
172 2198 222 2251 tur
245 2189 304 2250 illis
327 2198 456 2270 myrtus,
481 2191 613 2252 remedio
637 2194 703 2252 erit.
749 2192 793 2252 ad
817 2194 999 2271 suspiriosos
1021 2191 1189 2253 remedium

172 2278 314 2340 salutare:
334 2279 475 2359 Spumam
495 2281 532 2340 de
551 2298 603 2340 ore
621 2281 719 2341 mulae
738 2281 843 2360 collige
863 2289 893 2342 et
912 2283 942 2341 in
962 2280 1084 2341 calicem
1102 2283 1189 2343 mitte

172 2375 261 2447 atque
290 2387 326 2428 ex
353 2387 430 2448 aqua
457 2368 550 2429 calida
578 2370 639 2428 sive
667 2371 731 2429 viro
760 2388 813 2430 seu
842 2369 981 2451 feminae,
1011 2387 1087 2448 quae
1110 2369 1189 2430 hanc

172 2456 336 2518 molestiam
351 2459 471 2537 patitur,
487 2458 629 2518 contiuuo
644 2457 681 2516 da
696 2455 868 2539 bibendam,
884 2458 973 2519 homo
988 2461 1088 2518 statim
1104 2477 1189 2519 sana·
1204 2473 1230 2513 aa

121 2560 152 2608 19
172 2544 268 2627 bitur,
296 2545 349 2607 sed
377 2545 456 2606 mula
484 2547 638 2606 morietur.
685 2545 728 2605 dd
758 2548 938 2625 suspiriosos
969 2547 1116 2608 sanandos
1150 2546 1190 2608 lel

173 2637 309 2695 ursinum
332 2652 408 2713 aqua
431 2633 557 2694 dilutum
582 2633 744 2694 bibendum
768 2636 880 2714 optime
899 2635 995 2716 datur,
1018 2637 1097 2696 intra
1116 2654 1190 2715 pau·

119 2734 224 2782 tucos
252 2725 331 2783 euim
361 2722 424 2782 dies
451 2731 589 2801 potenter
617 2722 762 2783 medetur.
808 2723 852 2784 dd
880 2725 1061 2802 suspiriosos
1092 2742 1189 2785 reme·

172 2810 253 2870 dium
278 2819 398 2889 potens:
421 2809 537 2871 Herbae
562 2810 700 2871 salutaris
724 2811 898 2872 fasciculum
918 2819 948 2872 et
966 2813 1091 2872 ficorum
1110 2813 1188 2872 Afri·

173 2916 314 2958 canorum
338 2896 489 2957 aridorum
513 2897 651 2959 selibram
675 2918 711 2959 11
731 2917 823 2978 aquae
843 2899 969 2960 fluvialis
987 2900 1117 2960 heminis
1136 2904 1188 2962 tri·
1201 2916 1226 2955 ao

172 2985 229 3046 bus
248 2986 407 3064 decoquito
426 2984 461 3045 ad
480 2984 629 3046 heminam
648 3005 773 3066 eamque
792 2991 877 3066 potui
893 2988 961 3049 dato
975 3006 1030 3067 per
1043 2988 1188 3050 triduum.

119 3088 152 3136 21
262 3073 305 3134 Ad
329 3074 482 3151 sauguinis
507 3076 694 3153 eruptionem
719 3078 780 3136 sive
804 3095 839 3136 11
859 3079 966 3138 arteria
986 3079 1047 3137 sive
1067 3095 1103 3137 ex
1122 3078 1188 3156 pul·

173 3181 259 3224 mone
283 3161 330 3222 vel
352 3169 474 3240 pectore
494 3161 570 3223 bene
589 3163 660 3224 lacit
679 3164 827 3244 symphyti
844 3165 938 3247 radix,
957 3183 1046 3244 qnam
1066 3166 1187 3244 quidam

259 3322 276 3370 4
295 3314 403 3385 oportit
425 3315 493 3382 (sere
514 3318 637 3386 semper).
728 3322 744 3371 6
762 3317 850 3387 ysopi.
943 3317 1118 3390 1111111111]
1143 3336 1185 3374 re-

169 3388 269 3441 tracta,
307 3387 333 3440 Α
354 3391 433 3454 paret
455 3387 529 3441 11111
553 3388 641 3442 locum
665 3388 769 3455 aliquot
791 3390 878 3444 uerbis
901 3391 1007 3444 emitote
1025 3395 1185 3460 1111111111

170 3473 231 3513 esee.
283 3462 317 3511 14
331 3403 460 3510 hulbum.
501 3461 549 3538 ,18
567 3458 726 3527 perungeri.
781 3465 814 3513 26
835 3458 1010 3528 suspiriosus.
1066 3462 1184 3516 3111111·
1294 3489 1295 3494 1

170 3544 243 3581 nom.
317 3531 350 3580 33
370 3529 517 3594 sympeuh.

43 3717 133 3746 A
