2609 4017
199 342 383 400 misceantur
401 338 500 399 omnia
518 335 678 415 diligenter
696 338 845 416 mixtaque
862 339 1049 416 coagitentur
1064 336 1100 397 ad
1115 337 1219 398 focum

200 440 230 490 et
253 427 426 507 refrigerata
450 428 482 486 in
500 424 579 486 dolio
598 426 693 485 vitreo
713 433 903 504 reponantur,
923 425 1121 505 quibuscum
1143 443 1221 505 opus

200 518 292 578 suerit
314 517 410 577 ceroti
432 533 515 575 more
538 515 641 574 uteris.

163 618 180 666 3
289 604 421 666 Cervicis
449 602 533 664 dolor
556 601 740 684 inflexibilis,
766 620 855 681 quem
874 602 1086 682 opisthotonon
1109 601 1221 663 Graeci

199 704 314 774 vocant,
337 692 451 753 levatur
472 693 558 753 urina
578 709 684 771 caprae
703 691 825 752 auribus
844 692 942 753 inlusa
960 699 1011 752 aut
1030 690 1122 752 bulbo
1143 693 1238 751 tritor
1283 701 1284 736 ὲ

200 801 268 843 cum
291 782 361 842 hmo
384 780 517 842 eiusdem
541 798 648 859 caprae
670 781 781 841 cervici
806 780 905 860 inlito3
934 780 986 842 sed
1013 779 1089 841 nihil
1111 779 1219 842 utilius

200 878 247 932 est
268 869 485 931 medicamento
508 868 556 929 dia
580 876 695 929 straton
719 868 756 928 de
779 868 865 949 adipe
888 869 1004 930 diversa
1026 869 1114 948 facto,
1138 867 1218 948 quod

164 970 293 1039 tsupra
316 961 462 1036 scriptum
485 965 539 1018 est.
575 956 620 1017 Ad
644 959 795 1018 cervicum
819 957 936 1019 dolores
960 957 1126 1018 remedium
1145 957 1218 1036 phy-

202 1050 297 1110 sicum
316 1049 373 1109 sie:
392 1046 513 1107 leiunus
531 1046 666 1107 dextram
685 1063 804 1107 manum
820 1046 909 1107 saliva
926 1055 1015 1125 tange
1034 1054 1064 1107 et
1078 1045 1218 1106 dextrum
1284 1024 1285 1117 l

201 1136 344 1216 poplitem
367 1136 508 1216 perfrica,
537 1134 644 1196 deinde
671 1136 791 1195 sinistra
814 1154 903 1196 manu
926 1136 1082 1196 sinistrum
1105 1142 1138 1194 et
1161 1134 1250 1194 hoen
1284 1126 1285 1200 l

166 1236 183 1285 o
202 1234 248 1288 ter
267 1243 321 1305 per
340 1224 473 1304 singulos
490 1222 621 1303 poplites
639 1223 738 1304 facito,
761 1220 861 1284 statim
880 1222 1067 1285 remedialis.
1104 1222 1217 1302 Butyro

165 1326 181 1374 o
201 1323 232 1375 et
247 1314 333 1393 adipe
348 1315 451 1374 ursina
464 1320 627 1392 perunctae
642 1314 774 1373 cervices
791 1314 890 1373 statim
905 1311 1097 1374 sanabuntur.
1124 1311 1216 1372 Cerae

202 1401 350 1483 selibram,
367 1401 425 1462 olei
439 1403 555 1480 cyprini
569 1400 717 1481 selibram,
731 1400 872 1462 absinthii
886 1400 989 1462 viridis
1004 1401 1125 1462 contusi
1142 1433 1180 1442 -
1192 1398 1217 1459 11

201 1490 291 1552 simul
314 1492 350 1551 ad
373 1492 472 1569 ignem
495 1491 642 1569 permisce
671 1497 701 1550 et
728 1508 783 1568 pro
811 1497 912 1551 ceroto
941 1497 1027 1550 utere
1052 1489 1089 1549 ad
1113 1507 1217 1549 omnes

166 1591 181 1640 t
201 1582 351 1642 cervicum
374 1578 500 1640 dolores.
537 1577 629 1658 Rigor
648 1579 773 1639 cervicis
792 1578 877 1658 adipe
896 1580 1033 1639 anserina
1052 1576 1098 1638 vel
1116 1579 1216 1656 potius
1229 1592 1250 1634 n

165 1680 182 1729 8
201 1671 308 1749 gruina
330 1677 495 1748 perunctus
513 1666 699 1728 velocissime
717 1666 876 1729 mollietur.
910 1667 974 1728 Fici
993 1667 1061 1727 lolia
1080 1676 1112 1728 et
1130 1685 1216 1745 poma

201 1758 335 1819 eiusdem
359 1759 507 1818 inmatura
531 1757 658 1817 contrita
683 1765 712 1816 et
735 1757 863 1835 inposita
888 1758 998 1817 cervici
1026 1755 1216 1816 subveniunt

165 1858 181 1906 a
289 1845 456 1906 Nervorum
479 1846 612 1906 omnium
635 1846 728 1923 rigori
751 1852 782 1905 et
803 1843 1048 1924 perfrictionibus
1067 1847 1128 1905 cito
1149 1843 1215 1905 sub·

201 1937 319 1995 venitur
341 1933 515 2012 malagmate
538 1932 602 1994 tali:
631 1932 696 1995 Olei
719 1933 827 1994 laurini
849 1933 881 1994 P.
900 1933 923 2015 1,
945 1935 1062 1994 resinae
1087 1931 1215 1994 terebin-

201 2023 301 2084 thinae
329 2020 360 2082 P.
387 2021 410 2104 l,
440 2023 517 2100 picis
549 2021 678 2101 liquidae
705 2020 736 2082 P.
764 2021 790 2101 l,
824 2025 967 2100 axungiae
995 2024 1106 2082 veteris
1134 2021 1167 2082 P.
1194 2021 1249 2082 tn

202 2110 339 2171 Decoctis
363 2117 393 2170 et
415 2111 571 2188 permixtis
596 2129 653 2170 una
676 2110 724 2170 his
747 2110 904 2190 speciebus
928 2112 1013 2171 nervi
1033 2113 1168 2190 rigentes
1187 2117 1214 2170 et
1286 2155 1287 2186 ,

202 2199 308 2260 offensi
331 2196 491 2258 salubriter
513 2199 721 2277 perfricantur.
1286 2193 1287 2268 s

150 2301 183 2348 10
291 2286 525 2366 opisthotonicis
548 2296 579 2347 et
599 2289 737 2348 tetanicis
755 2287 860 2349 lotium
879 2290 1034 2367 caprinum
1052 2305 1123 2348 eum
1143 2305 1215 2366 aqua

150 2389 182 2437 11
202 2378 327 2437 mixtum
342 2376 503 2437 efficaciter
516 2376 647 2456 prodest,
668 2378 694 2436 si
710 2378 818 2438 ieiunis
832 2379 916 2456 potui
930 2376 1026 2437 detur.
1060 2375 1214 2436 Summum

202 2465 430 2545 opisthotonicis
449 2472 479 2525 et
497 2464 661 2525 arthriticis
679 2465 845 2526 remedium
859 2474 894 2526 'et
912 2464 1014 2526 multis
1028 2467 1213 2542 experimen·
1226 2479 1248 2520 ra

201 2557 241 2616 tis
264 2553 422 2635 probatum
445 2553 604 2614 coniicitur
627 2555 684 2614 sic:
717 2552 863 2634 Castorei,
885 2555 999 2632 piperis
1021 2551 1093 2633 albi,
1116 2561 1213 2632 petro·

202 2644 289 2705 selini
311 2642 449 2722 aequales
472 2645 625 2722 portiones
649 2641 739 2702 simul
762 2642 869 2703 tundes
898 2650 929 2703 et
955 2640 1103 2702 cribrabis
1127 2649 1214 2720 atque

202 2733 271 2794 inde
300 2730 432 2793 cocleare
461 2749 554 2792 unum
583 2749 651 2791 cum
684 2749 744 2791 uno
772 2730 900 2792 cocleari
931 2730 1027 2791 mellis
1059 2737 1091 2790 ct
1123 2747 1214 2809 aquae

203 2820 313 2881 calidae
337 2819 450 2900 cyathis
473 2818 590 2880 duobus
612 2820 713 2879 ieiuno
737 2819 773 2880 ad
798 2820 876 2880 diem
900 2818 992 2880 dabis.

151 2921 183 2969 12
292 2907 399 2968 Farina
426 2906 479 2967 lini
507 2909 628 2968 seminis
656 2907 756 2968 addito
785 2910 864 2969 nitro
896 2927 932 2968 ex
962 2910 1030 2969 vino
1059 2906 1156 2968 calido
1185 2909 1248 2967 ineo

202 2996 324 3058 modum
346 2995 529 3074 malagmatis
552 3005 736 3075 temperatur
761 3004 791 3057 et
814 2999 967 3077 inponitur
991 2997 1143 3057 cervicum
1166 2995 1215 3056 do·

150 3099 183 3147 13
203 3085 268 3167 lori,
287 3086 387 3145 statim
405 3083 550 3157 medetur,
582 3083 689 3145 Farina
708 3103 826 3165 quoque
845 3085 950 3146 hordei
968 3103 1037 3146 cum
1056 3085 1116 3145 ficu
1135 3082 1217 3144 arida

151 3186 185 3235 14
203 3183 291 3236 tunsa
320 3175 465 3252 permixta
492 3182 523 3234 et
548 3175 678 3252 inposita
705 3175 783 3235 idem
815 3182 952 3253 praestat.
998 3173 1154 3234 Lenticula
1186 3174 1216 3231 in

204 3271 287 3325 aceto
307 3263 438 3323 discocta
457 3261 623 3323 cervicibus
643 3263 824 3342 malagmatis
843 3282 925 3324 more
944 3263 1077 3343 adposita
1097 3260 1216 3323 dolores

152 3363 184 3413 lo
204 3371 306 3414 earum
333 3352 457 3429 mitigat.
503 3350 546 3411 Ad
576 3353 726 3411 cervicum
754 3361 886 3413 tumores
915 3351 1061 3412 sedandos
1091 3363 1253 3411 ovorumtt

203 3439 296 3502 vitelli
323 3442 399 3501 cocti
428 3458 495 3500 cum
524 3439 609 3519 adipe
637 3442 774 3501 anserina
801 3439 979 3502 inliniuntur
1003 3439 1069 3501 felle
1092 3441 1217 3518 caprino

204 3532 308 3608 aequis
330 3527 513 3607 ponderibus
536 3530 683 3605 permixto
707 3537 796 3608 atque
818 3529 888 3590 inde
910 3531 1041 3591 cervices
1060 3529 1217 3590 fricantur.
