2609 4017
498 154 735 220 -327-

103 337 197 400 quam
220 321 372 398 potionem
395 315 519 378 oolatam
543 316 673 378 admixto
696 317 815 397 paululo
837 318 931 380 mellis
951 319 1120 383 calefactam

105 410 194 486 potui
221 407 314 468 dabis.
354 405 471 466 Herbae
493 405 681 468 Britannicae
710 425 800 468 sucus
827 425 882 486 per
904 426 937 468 sc
960 408 1042 470 solus
1064 429 1120 490 pro
1139 423 1173 474 71

106 499 198 558 unius
217 499 362 575 cuiusque
382 494 494 556 viribus
513 497 598 573 potni
617 502 754 575 sumptus
773 498 837 557 siue
851 496 985 575 periculo
998 508 1119 580 purgat3

107 604 167 664 quo
192 585 316 646 validius
339 592 439 645 autem
462 586 584 662 purgari
606 584 749 658 volueris
776 585 833 646 hoc
860 585 989 664 amplius
1011 606 1120 668 sumes,

68 690 90 730 s
105 676 149 734 ita
175 683 211 735 ut
238 691 408 735 mensuram
438 675 560 734 sextarii
583 692 643 733 non
667 674 800 734 excedas.
840 674 991 737 Lauriouli
1013 679 1119 757 teneri,
1140 690 1174 739 72

104 763 137 822 id
165 771 213 824 est
240 781 341 843 cymae
369 762 458 842 lauri,
486 780 555 823 cum
583 771 690 841 nepeta
718 763 833 824 adiecto
861 763 921 824 sala
944 767 1067 827 contriti
1090 773 1119 827 et

104 871 176 912 cum
204 869 297 931 aquae
324 851 441 931 tepidae
469 851 587 912 hemina
614 853 646 912 in
674 853 794 930 potione
825 855 937 931 sumpti
969 856 1120 916 concitant

103 940 204 1001 alvum
227 942 423 1020 pituitamque
447 949 477 1001 ct
499 939 663 1001 lumbricos
686 939 825 1001 celeriter
846 943 967 1002 eiciunt.
1009 942 1118 1004 Sabaei
1138 956 1172 1005 73

104 1028 227 1090 coliculi
253 1031 351 1090 tenori
378 1027 494 1090 decocti
521 1047 590 1090 cum
617 1029 682 1089 oleo
711 1036 742 1089 et
764 1047 834 1108 garo
858 1030 1028 1092 manducati
1050 1050 1119 1093 ven·

53 1127 185 1179 mtrem
207 1120 349 1179 continuo
366 1117 494 1184 solvunt.
531 1116 677 1179 Aluminis
695 1117 801 1197 liquidi
818 1118 972 1198 paululum
990 1119 1055 1180 laua
1074 1123 1118 1181 in·
1138 1133 1173 1181 74

103 1207 240 1268 volutum
269 1215 298 1268 et
325 1206 425 1286 podici
451 1205 619 1267 subiectum
645 1214 748 1268 evocat
772 1215 889 1269 stercus
913 1217 943 1269 et
966 1210 1031 1269 sine
1055 1209 1120 1270 fati-

103 1298 224 1374 gatione
248 1294 377 1357 deducit.

195 1384 381 1464 Frequenter
409 1385 524 1462 experti
552 1383 729 1446 solutionem
751 1387 864 1446 ventris
888 1385 1045 1448 adfirmant
1068 1385 1119 1447 tali
1136 1396 1173 1446 ⁴75

103 1473 237 1534 remedio
261 1491 293 1533 se
318 1491 383 1533 esse
407 1482 560 1552 purgatos:
588 1472 683 1534 Mollis
706 1473 886 1535 acitabulum
910 1483 940 1535 et
963 1474 1032 1534 salis
1054 1477 1120 1536 triti

58 1576 89 1616 15
103 1561 280 1622 tantundem
309 1579 377 1622 curn
405 1563 482 1621 aceti
509 1564 637 1622 sextario
664 1581 723 1622 uuo
747 1562 942 1623 fervefaciunt
965 1572 1053 1642 atque
1076 1565 1118 1624 ita

102 1659 192 1711 nocte
221 1649 276 1711 sub
308 1650 375 1710 divo
409 1649 489 1710 caelo
518 1668 625 1710 sereno
653 1669 703 1710 vas
731 1649 835 1710 leviter
863 1658 1001 1729 opertum
1028 1650 1117 1712 relin-

103 1748 202 1818 quunt
229 1747 259 1799 et
283 1757 383 1818 mane,
407 1757 474 1799 oum
498 1739 594 1817 pridie
618 1757 691 1799 cena
715 1737 927 1819 abstinuerint,
950 1757 1018 1800 cum
1041 1758 1118 1819 aqua

103 1836 250 1907 quantum
273 1828 401 1888 sufficiat
424 1829 591 1888 minutatim
615 1826 736 1908 bibuut3
760 1845 818 1906 quo
838 1827 915 1888 lacto
939 1845 999 1888 non
1021 1827 1117 1888 solum

102 1918 227 1996 ventris,
250 1917 302 1976 sed
326 1919 415 1976 etiam
438 1923 518 1976 atrae
542 1915 609 1976 bilis
633 1935 667 1976 ac
690 1916 773 1976 rufae
797 1916 895 1977 taedio
914 1914 1116 1978 absolvuntur.

58 2021 87 2061 77
104 2005 213 2066 Serum
241 2004 277 2065 de
307 2004 383 2066 lactc
411 2003 522 2065 bubulo
551 2005 667 2066 adiecto
698 2003 786 2065 melle
819 2013 850 2066 et
882 2003 942 2064 sale
973 2014 1116 2084 quantum
1136 2017 1171 2066 76

102 2096 176 2155 satis
200 2095 239 2154 sit
261 2096 345 2172 potui
368 2099 519 2172 sumptum
543 2093 828 2170 morantem-alvum
846 2092 970 2173 inpellit.
1008 2095 1116 2155 Serum
1136 2106 1169 2156 77

102 2183 140 2244 de
163 2182 239 2243 lacte
263 2184 373 2262 equino
396 2185 480 2261 potui
504 2181 605 2243 datum
628 2183 714 2244 facilc
741 2193 772 2244 et
798 2185 864 2243 siue
889 2183 1022 2262 periculo
1046 2202 1115 2245 ven·

101 2282 180 2332 trem
198 2270 327 2332 molliter
345 2279 461 2349 purgat.
493 2271 648 2332 Asiuinnm
666 2271 711 2332 lac
730 2291 798 2333 cum
813 2270 899 2332 melle
913 2275 998 2352 potui
1013 2274 1115 2334 datum
1135 2283 1170 2332 78

102 2367 239 2421 ventrem
262 2358 348 2420 facile
371 2369 402 2420 et
424 2361 488 2420 siue
511 2359 645 2437 periculo
670 2360 764 2421 solvit.

59 2464 88 2505 25
193 2448 268 2509 Salis
291 2450 399 2509 marini
421 2450 486 2510 triti
508 2458 539 2509 et
561 2448 656 2509 mellis
680 2450 784 2527 optimi
804 2447 972 2526 despumati
990 2456 1020 2508 et
1038 2451 1115 2509 aceti
1136 2461 1169 2510 79

103 2537 234 2599 scillitici
257 2539 424 2598 semuncias
446 2536 578 2615 singulas
602 2539 632 2596 in
657 2555 749 2597 unum
772 2535 912 2596 miscebis
936 2545 966 2596 et
987 2543 1067 2596 teres
1087 2546 1117 2597 et

103 2645 197 2705 aquae
220 2625 347 2686 mundae
371 2625 495 2704 frigidae
519 2627 705 2705 quartarium
727 2625 838 2685 adicies
857 2632 887 2685 et
905 2624 1067 2702 coagitabis
1086 2634 1117 2686 et

103 2717 223 2776 ieiunus
246 2715 421 2775 calefactum
444 2713 551 2775 leuiter
578 2713 676 2795 bibes3
704 2722 767 2774 tum
796 2712 998 2774 deambulabis
1028 2721 1117 2793 atque

103 2806 183 2865 inter
201 2802 449 2864 deambulandum
468 2802 592 2865 calidam
615 2821 723 2882 aquam
745 2802 894 2882 paulatim,
919 2804 1057 2881 quotiens
1077 2805 1118 2862 vi·

62 2908 90 2947 so
104 2910 170 2953 sum
195 2893 294 2972 luerit,
317 2909 430 2973 sumes3
454 2900 591 2970 potenter
614 2892 672 2953 hoc
694 2891 826 2952 remedio
845 2900 980 2952 ventrem
999 2910 1116 2953 moran·

103 2989 165 3042 tem
188 2980 323 3060 bilesque
346 2980 497 3060 purgabis.

193 3069 334 3147 Malagma
357 3055 562 3149 purgatorium
586 3068 622 3129 ad
640 3067 792 3149 parvtdos,
813 3071 840 3130 si
857 3068 895 3129 ob
913 3070 1117 3130 infirmitatem
1135 3080 1172 3130 80

103 3159 254 3238 potionem
270 3161 471 3237 purgatoriam
485 3157 588 3218 bibere
604 3167 655 3219 aut
669 3159 817 3220 sustinere
832 3177 891 3218 non
905 3165 1045 3238 possunt:
1059 3156 1118 3218 Lu·

104 3249 191 3327 pinos
211 3247 320 3308 crudos
340 3248 436 3308 siccos
451 3248 483 3307 in
498 3246 583 3307 ollam
598 3265 704 3307 noram
718 3249 825 3307 missos
839 3249 870 3307 in
885 3247 973 3307 furno
988 3245 1118 3307 torrebis

196 3382 353 3452 lpaulolo.
443 3382 656 3437 abrittanicac.
756 3380 873 3436 3rires.
969 3380 1117 3436 bieneris.

106 3459 139 3507 10
158 3452 303 3522 paulolum
324 3458 371 3507 177
390 3454 536 3522 paululum
554 3457 611 3508 2m.
689 3457 723 3507 26
743 3451 848 3507 scufiti
928 3457 963 3507 30
981 3457 1045 3508 ante
1063 3453 1119 3508 hoc

103 3525 169 3580 odd.
188 3540 239 3594 per
257 3529 309 3581 tm
326 3541 413 3594 supro
430 3525 481 3580 tie.
551 3523 715 3578 remedium.

1136 3766 1237 3956 s
