2609 4017
486 196 705 260 ..83-

86 365 197 437 mento,
218 376 277 437 quo
295 360 386 436 pinna
405 358 550 437 avellitur,
569 356 673 438 oculis,
697 357 768 418 dum
786 357 883 418 adbuc
902 365 993 436 tepet,
1018 357 1107 419 debet

86 446 214 525 infundi,
236 448 288 526 qui
311 449 374 507 ictu
393 446 491 526 aliquo
510 448 658 508 vulnerati
675 454 728 507 aut
746 448 889 525 sanguine
913 447 1019 507 suffusi
1043 447 1105 506 lue·

87 539 160 617 riut3
195 534 295 596 album
328 554 446 615 quoque
479 538 528 596 ovi
555 538 666 597 incocti
694 553 762 596 cum
791 554 879 596 croco
907 538 979 595 trito
1009 534 1106 596 oculis

86 626 311 705 superpositum
326 633 356 685 ct
370 624 435 685 lana
449 624 513 685 alba
528 624 630 686 sucida
644 623 810 685 involutum
820 624 965 684 medetur.
984 624 1096 685 Ranam
1106 637 1158 685 135

58 714 121 775 cde
145 713 215 774 lacu
234 714 363 792 prendes
387 721 417 773 et
440 716 525 793 spina
548 714 651 775 oculos
675 715 704 773 ei
726 711 876 774 subtiliter
900 731 989 774 erues
1013 720 1102 792 atque

84 806 116 863 in
134 820 236 881 panno
256 804 396 863 coccineo
421 802 545 863 delicio
568 803 675 882 ligatos
698 802 792 863 oculis
815 804 944 863 interius
968 804 1103 862 cruentis

84 909 287 971 superpones,
315 894 374 952 cito
402 882 579 952 medeberis]
624 890 682 951 Mel
705 892 837 951 Atticum
861 893 1158 954 eisterensin·136

83 982 186 1061 fautiS,
205 980 284 1059 quod
303 983 431 1059 primum
452 981 583 1059 dimittit,
603 982 704 1040 statim
718 998 755 1040 er
773 978 848 1040 lacte
868 979 1012 1061 mulieris,
1027 998 1103 1059 quae

83 1088 216 1149 puerum
242 1068 378 1149 allactat,
405 1069 600 1148 permiscebis
633 1076 664 1129 et
698 1072 741 1129 sic
768 1070 910 1151 inunges,
939 1070 991 1129 sed
1018 1071 1103 1147 prius

43 1178 70 1217 ιο
86 1177 156 1219 eum
181 1161 233 1238 qui
257 1157 406 1219 curandus
435 1166 481 1219 est
508 1167 643 1219 erectum
666 1158 703 1218 ad
725 1158 834 1219 scalam
857 1157 1005 1236 alligabis,
1035 1160 1103 1237 quia

84 1256 169 1308 tanta
192 1249 237 1307 vis
260 1247 464 1307 medicaminis
489 1257 543 1328 est,
566 1256 601 1308 ut
624 1265 689 1307 eam
712 1249 771 1307 nisi
793 1245 929 1325 alligatus
953 1248 1103 1325 patienter

85 1338 166 1397 lerre
195 1354 257 1395 non
284 1338 391 1416 possit3
420 1338 505 1397 cuius
529 1336 708 1398 beneficium
731 1343 791 1395 tam
814 1353 957 1415 praesens
982 1344 1040 1415 est,
1069 1343 1103 1396 ut

85 1429 177 1486 tertio
201 1425 249 1485 die
272 1424 405 1485 abstersa
429 1427 511 1486 omni
533 1424 647 1486 macula
671 1425 796 1485 mirifice
817 1426 913 1485 visum
933 1424 1040 1485 reddat
1058 1426 1102 1485 in-

85 1513 243 1575 columem.
288 1513 333 1573 nd
361 1516 529 1575 cicatricem
558 1514 604 1574 vel
630 1513 787 1592 plumbum
815 1513 1035 1574 extenuandum
1066 1524 1154 1574 et137

39 1622 69 1661 15
84 1602 303 1682 aspritudinem
322 1604 566 1682 pruriginemque
584 1602 738 1663 oculorum
757 1601 941 1680 purgandam
965 1608 995 1661 et
1019 1619 1101 1662 umo-

83 1712 150 1753 rem
174 1692 349 1752 siccandum
372 1692 457 1752 etad
476 1692 596 1752 scabras
615 1689 809 1751 ac-scabidas
832 1689 990 1768 palpebras
1013 1700 1103 1769 atque

83 1781 142 1841 alia
170 1780 327 1841 oculorum
354 1782 424 1841 vitis
449 1799 541 1841 unum
564 1780 622 1840 boc
646 1779 812 1839 remedium
839 1777 883 1838 vel
906 1780 1101 1857 praecipuum

83 1878 145 1930 est:
191 1868 274 1929 Folia
300 1868 434 1947 oleagina
462 1869 706 1931 commanducato
744 1867 902 1946 diligenter
937 1885 1102 1946 eorumque

84 1977 173 2039 suco,
201 1976 290 2037 quem
313 1960 344 2019 in
368 1977 419 2018 ore
444 1958 613 2038 collegeris,
641 1957 750 2018 cotidie
778 1959 897 2017 ieiunus
924 1956 1028 2017 oculos
1051 1956 1100 2017 ab·
1164 2001 1174 2022 s

42 2064 70 2104 so
85 2048 192 2127 lingito
212 2046 258 2107 vel
276 2046 394 2107 inlinito
413 2065 468 2127 per
486 2046 625 2127 linguam,
645 2046 783 2107 celeriter
797 2047 865 2106 vilia
881 2064 971 2124 supra
991 2048 1102 2125 scripta

84 2138 239 2197 discuties.
275 2135 319 2195 Ex
342 2135 536 2197 hirundinum
554 2136 644 2215 pullis
670 2136 704 2196 fit
727 2134 957 2213 calliblepharon
976 2134 1154 2214 bonum,138

84 2225 166 2305 quod
194 2224 410 2304 aspritudinem
438 2227 683 2305 pruriginemque
712 2223 867 2285 oculorum
889 2232 1028 2303 potenter
1052 2242 1100 2283 ex·

83 2320 194 2394 purgat
216 2332 273 2375 nec
292 2316 404 2392 patitur
423 2316 582 2393 quicquam
600 2316 632 2373 in
651 2314 698 2374 bis
722 2313 874 2374 molestiae
896 2330 1101 2393 concrescere,

84 2403 204 2464 umidos
223 2422 342 2483 quoque
361 2402 537 2463 naturaliter
556 2402 658 2463 oculos
674 2405 812 2483 exsiccat,
839 2401 918 2482 quod
936 2401 993 2462 hoc
1013 2401 1101 2461 modo

44 2510 70 2550 rs
85 2494 290 2571 componitur:
310 2491 411 2571 Capita
430 2490 579 2571 pullorum
599 2510 687 2571 quam
706 2491 833 2570 plurima
851 2491 920 2567 igne
935 2489 1101 2550 lentissimo

84 2581 305 2643 comburuntur
332 2589 363 2641 et
389 2582 459 2642 trita
487 2584 517 2641 in
545 2580 699 2660 pulverem
726 2580 935 2639 tenuissimum
961 2577 1101 2653 redigun-

84 2679 144 2753 tur,
163 2688 239 2749 quae
258 2670 388 2731 admixta
405 2671 521 2731 recenti
539 2670 625 2747 adipe
644 2667 769 2747 gallinae
787 2667 954 2726 inunctioni
973 2668 1100 2725 maxime

84 2767 221 2839 prosunt.
263 2758 353 2820 Intibi
375 2761 494 2839 rustici,
523 2758 559 2819 de
583 2777 642 2838 quo
666 2762 831 2817 nascuntur
854 2753 993 2816 cauliculi
1017 2765 1153 2815 com-139

83 2848 198 2929 plures,
221 2850 342 2909 contriti
365 2866 455 2909 sucus
478 2850 509 2907 in
537 2846 655 2908 oculum
679 2843 838 2906 instillatus
862 2844 1000 2904 celeriter
1024 2845 1100 2903 cica-

43 2956 71 2996 so
85 2940 178 2999 trices
196 2943 227 2997 et
245 2936 399 3016 plumbum
419 2936 574 2997 oculorum
593 2938 704 2996 eximit.
739 2933 834 3012 Caput
852 2932 997 2994 stellionis
1016 2944 1153 2994 com-140

85 3026 210 3088 bustum
232 3034 263 3086 et
283 3028 389 3087 tritum
419 3034 449 3086 et
476 3024 558 3085 melli
580 3026 677 3084 Attico
701 3023 865 3084 admixtum
887 3023 990 3083 oculos
1013 3023 1099 3083 lacri-

85 3132 185 3176 mosos
204 3116 377 3175 inunctione
394 3115 517 3176 adsidua
532 3116 624 3175 siccat
638 3120 668 3173 et
683 3121 774 3174 sanat.
806 3111 960 3173 Pulmonis
975 3111 1151 3172 haedini141

86 3203 237 3265 combusti
254 3206 329 3264 ciuis
348 3206 518 3282 prurigines
537 3202 691 3263 oculorum
710 3202 832 3262 discutit
851 3207 881 3261 et
899 3200 1020 3261 scabres
1038 3200 1098 3279 pal-

84 3292 194 3372 pebras
218 3294 363 3373 emendat,
387 3295 412 3352 si
436 3294 522 3372 quasi
545 3291 669 3352 stibium
691 3293 860 3368 inponatur.
896 3288 976 3350 Folle
996 3287 1151 3348 catelli142

46 3382 204 3442 esdierum
232 3389 346 3461 septem
374 3381 453 3442 oculi
480 3400 516 3441 ex
544 3379 630 3441 melle
659 3381 775 3440 inuncti
801 3380 860 3439 cito
889 3396 905 3437 a
933 3377 1098 3438 leucomate

158 3576 191 3625 21
203 3568 438 3641 calliblepharion
444 3570 602 3626 Ooruarins.
621 3574 656 3624 28
664 3567 806 3638 cauliculi]
817 3566 928 3621 articuli
933 3566 1096 3635 Stephanus.

902 3662 917 3709 6
923 3656 938 3688 ill
