2609 4017
526 176 766 240 -234-

87 354 119 402 13
226 339 397 418 Inponenda
412 347 482 400 sunt
495 338 617 399 lienosis
632 346 662 399 et
675 340 801 399 maxime
815 339 871 420 his,
883 358 1012 418 quorum
1028 341 1163 401 nimium

138 428 206 490 duri
225 436 255 488 et
274 429 381 489 tumidi
396 435 466 488 sunt
479 427 582 509 lienes,
601 428 815 488 medicamenta
828 428 1014 489 huiusmodi:
1034 428 1161 508 Sinapis

137 526 168 578 et
190 518 324 597 pyrethri
347 519 429 596 paria
451 517 582 595 pondera
606 534 642 577 ex
666 526 749 577 aceto
771 518 841 577 trita
859 516 1040 596 chartaeque
1058 517 1160 600 inlita,

138 625 225 685 quam
248 606 331 666 horis
355 606 452 666 tribus
475 605 616 686 habeant3
640 605 747 665 deinde
771 624 839 666 cum
858 605 992 666 dolorem
1010 604 1157 667 intolera-

136 694 227 755 bilem
249 695 328 754 lerre
352 713 411 755 non
434 696 595 774 potuerint,
619 693 787 754 deducendi
810 697 934 754 suntin
957 694 1100 755 balneum
1124 703 1186 755 ets
1289 722 1295 736 ·

136 784 178 843 ibi
201 786 232 843 in
256 781 363 843 solium
387 782 514 844 calidum
538 783 714 843 demittendi
737 791 767 843 et
786 783 904 843 fovendi
922 786 1085 862 praecipue
1104 783 1155 845 his

135 872 217 952 leole,
243 874 274 932 in
299 872 407 952 quibus
431 872 679 933 medicamentum
702 872 873 933 habuerunt
895 874 1072 953 inpositum,
1099 873 1155 933 sed

136 979 151 1020 a
175 960 349 1022 fortioribus
376 961 526 1022 retinendi
553 968 623 1021 sunt
650 963 682 1020 in
711 960 798 1041 solio;
826 959 950 1021 exiliunt
977 963 1057 1021 enim
1081 961 1156 1021 sub·

135 1050 204 1110 inde
228 1057 258 1110 et
281 1050 383 1129 lugere
408 1058 553 1111 conantur
571 1068 631 1109 non
651 1051 833 1110 sustinentes
853 1050 1013 1129 servorem3
1037 1068 1053 1110 a
1073 1050 1153 1110 solio

135 1157 205 1199 vero
229 1139 382 1217 unguendi
401 1146 472 1199 sunt
490 1138 554 1198 oleo
574 1146 604 1198 et
622 1138 767 1218 tergendi,
785 1149 849 1199 tum
869 1146 1004 1199 cerotum
1023 1157 1060 1199 ex
1080 1158 1154 1199 rosa
1169 1157 1199 1196 ao

135 1227 337 1306 inponendum
359 1227 432 1288 locis
456 1230 600 1306 perustis,
628 1246 704 1306 quae
728 1226 955 1306 insequentibus
979 1227 1101 1309 diebus,
1126 1230 1155 1289 si

136 1319 206 1376 satis
231 1324 335 1376 exusta
357 1316 477 1395 fuerint,
501 1317 601 1376 curari
623 1316 742 1377 debent.

84 1416 117 1464 14
224 1403 346 1482 Pinguis
370 1404 419 1464 fici
442 1405 541 1465 aridae
565 1412 707 1466 contusae
731 1404 867 1466 denarios
890 1404 981 1485 XXV,
1009 1408 1152 1485 capparis

135 1493 243 1554 radicis
268 1495 328 1553 sive
353 1495 473 1553 corticis
497 1493 635 1554 denarios
659 1496 799 1574 quinque,
823 1494 989 1573 aphronitri
1007 1494 1152 1555 denarios

135 1590 288 1663 quattuor,
316 1582 423 1662 hysopi
449 1582 631 1643 fasciculum.
674 1582 804 1643 Contusa
826 1582 900 1643 haec
923 1582 1009 1642 melle
1033 1591 1197 1663 tempe-15

135 1680 253 1753 rantur,
276 1671 370 1732 donec
395 1674 488 1732 ceroti
511 1672 638 1731 habeant
661 1678 905 1751 temperaturam3
933 1672 1039 1732 deinde
1062 1672 1152 1733 inlita

134 1760 255 1822 linteolo
275 1780 365 1839 super
384 1760 491 1822 lienem
510 1768 664 1840 ponuntur
682 1768 712 1821 et
731 1760 846 1821 duabus
860 1760 905 1819 vel
922 1760 1048 1838 amplius
1062 1760 1150 1821 horis

135 1849 194 1910 illic
217 1850 377 1932 habentur;
401 1851 508 1911 deinde
531 1852 557 1911 is
581 1852 633 1929 qui
656 1857 779 1911 curatur
801 1849 837 1910 ad
856 1848 1006 1909 balineum
1025 1850 1151 1910 ducitur

135 1948 164 1999 et
187 1942 218 1999 in
242 1940 315 2000 solio
340 1940 434 1999 calido
458 1939 638 2017 aliquamdiu
662 1939 787 1999 fovetur.

82 2040 114 2089 15
222 2028 363 2105 Malagma
385 2027 507 2088 lienosis
531 2028 602 2088 utile
627 2029 684 2088 sic:
716 2026 807 2087 Cerae
832 2027 936 2088 libram
960 2047 1062 2109 unam,
1086 2048 1148 2090 am·
1164 2048 1195 2087 ao

134 2118 261 2178 moniaci
282 2123 383 2195 guttae
406 2117 543 2176 denarios
567 2116 679 2196 decem,
702 2116 809 2194 lapidis
832 2117 910 2177 Assii
932 2116 1022 2198 floris,
1046 2118 1077 2177 id
1102 2128 1151 2180 est

134 2208 256 2287 cineris,
280 2205 417 2265 denarios
440 2207 546 2283 viginti
569 2207 716 2285 quinque,
737 2204 849 2287 balani,
873 2224 931 2284 quo
956 2209 1150 2285 unguentarii

134 2302 273 2377 utuntur,
297 2294 434 2355 denarios
457 2293 534 2379 XVI,
558 2293 672 2355 bdellae
695 2294 834 2355 denarios
856 2293 929 2377 XVI,
953 2298 1034 2357 croci
1058 2296 1149 2357 dena-

132 2386 194 2445 rios
218 2384 284 2465 llll,
313 2386 429 2447 resinae
452 2388 581 2467 pityinae
605 2386 631 2447 li
651 2384 744 2467 XXII,
773 2386 829 2447 olei
852 2386 961 2447 laurini
983 2388 1150 2447 sextarium

133 2473 285 2556 dimidnm‚
308 2477 385 2536 aceti
407 2475 439 2536 P.
459 2474 520 2535 llll.
553 2475 615 2536 Hoc
634 2493 744 2554 genere
763 2478 952 2556 componitur
974 2475 1039 2555 boc,
1064 2475 1148 2554 qnod
1161 2493 1193 2535 as

131 2562 277 2625 Niliacum
294 2564 436 2643 malagma
451 2565 568 2625 dicitur.
601 2564 691 2625 Arida
706 2583 742 2625 ex
756 2574 839 2625 aceto
854 2574 913 2626 tam
928 2564 980 2625 diu
998 2572 1148 2647 teruntur,

131 2652 226 2714 donec
254 2653 330 2713 levia
357 2654 434 2714 lacta
461 2653 590 2713 habeant
616 2652 714 2714 mellis
741 2654 980 2736 spissitudinem3
1009 2673 1084 2735 quae
1110 2656 1148 2716 ad

131 2742 230 2819 ignem
253 2741 392 2803 solvenda
412 2750 490 2822 sunt,
514 2760 582 2802 eum
601 2741 666 2803 oleo
687 2751 717 2803 et
735 2742 821 2822 adipe
840 2743 997 2823 liquefacta
1015 2746 1047 2803 in
1067 2762 1148 2805 mor·

131 2832 238 2890 tarium
262 2848 353 2908 super
376 2832 445 2891 trita
469 2830 681 2911 infunduntur;
706 2831 813 2892 deinde
837 2836 974 2893 universa
997 2835 1147 2911 permixta

131 2934 199 2976 cum
223 2918 396 2996 refrigerata
420 2919 541 2998 fuerint,
564 2920 701 2980 manibus
725 2920 913 2999 subiguntur.
1159 2942 1192 2982 eo

79 3018 111 3069 16
219 3005 262 3064 hd
285 3005 392 3087 lienes,
417 3010 468 3086 qui
492 3026 551 3067 non
574 3007 611 3068 ab
634 3009 770 3089 infantia,
799 3009 851 3070 sed
873 3017 977 3089 postea
999 3011 1145 3072 indurue-

131 3101 210 3175 runt,
229 3094 372 3172 malagma
387 3097 444 3155 sio:
465 3095 653 3178 Myrobalani,
673 3100 801 3179 panacis,
820 3099 954 3176 pyrethri
969 3100 1069 3176 pondo
1084 3102 1147 3161 sin-

131 3182 207 3264 gula,
230 3182 354 3244 balsami
377 3186 497 3245 seminis
517 3184 542 3245 li
560 3184 595 3265 ll,
619 3188 731 3264 sinapis
750 3186 782 3247 Ρ.
802 3186 822 3246 Ι.
854 3186 908 3247 His
927 3189 1007 3248 tritis
1026 3197 1148 3249 acetum

130 3291 198 3334 acre
221 3274 365 3333 miscetur
388 3281 418 3334 et
441 3272 492 3333 diu
515 3276 673 3351 permixtio
701 3277 758 3335 ista
781 3275 931 3355 subigitur
954 3295 1083 3356 cumque
1108 3297 1147 3339 ex

219 3415 235 3462 3
254 3409 360 3478 pyretri
385 3408 536 3463 Oornnrins
559 3414 590 3463 ot
612 3411 693 3478 infra
710 3412 829 3479 saeptus.
938 3418 954 3466 6
974 3412 1147 3467 demittendi

129 3480 241 3546 scripsi:
264 3478 426 3534 dimittendi
450 3480 609 3537 Gornorlos.
719 3487 752 3536 17
777 3483 960 3551 imponuntur
978 3482 1146 3552 Stephanus.

131 3551 163 3600 18
183 3546 213 3599 in
231 3548 363 3603 balneum
382 3550 543 3619 Stephanos.
