2609 4017
491 240 528 249 —
577 203 732 268 275-

98 364 143 425 rel
172 364 280 426 similis
302 366 393 428 huius
417 368 561 427 sextarios
584 365 725 445 singulos.
766 364 845 426 Haec
869 367 969 426 omnia
991 373 1115 427 contun-

99 455 214 515 duntur
239 462 268 515 et
291 454 471 535 cribrantur,
499 454 593 517 donec
616 454 818 516 mollissimam
842 456 1017 515 tenuitatem
1041 457 1116 516 acci-

97 546 195 624 piaut3
215 550 281 615 tum
299 546 331 604 in
349 543 486 623 patellam
505 543 628 604 fictilem
645 561 751 604 novam
770 543 829 603 mel
847 543 1016 604 infunditur
1035 552 1116 621 tepe·

98 633 212 693 lactum
237 632 318 693 molli
340 650 445 713 pruna,
469 631 538 693 dein
561 635 664 693 vinum
684 631 845 694 instillatur
864 638 1013 693 macerato
1031 634 1116 711 prius

73 722 127 780 ain
157 739 194 781 eo
223 721 416 801 tragacantho
445 722 635 800 vicissimque
662 729 778 782 ceterae
802 723 918 800 species
941 723 1116 801 inspergun-

98 817 161 890 tur;
185 816 254 869 tum
278 809 366 870 simul
389 817 525 870 movetur
543 809 793 871 medicamentum
812 818 843 870 et
861 812 959 870 omnia
978 808 1116 870 omnihus

96 900 330 977 permiscentur.
366 898 439 959 Cum
459 905 557 959 autem
577 900 733 959 crocinum
752 896 881 959 colorem
901 898 1039 959 babuerit
1056 917 1116 959 me·

98 986 315 1067 dicamentum,
347 987 567 1048 transfunditur
594 989 626 1047 in
656 988 831 1047 mortarium
861 989 1054 1048 marmorium
1087 996 1117 1048 et

97 1074 138 1135 ihi
157 1076 274 1154 pistillo
293 1075 369 1136 bene
389 1075 545 1136 subactum
564 1077 721 1154 reponitur
740 1078 772 1135 in
786 1075 893 1155 pyxide
907 1093 1029 1156 cornea3
1048 1094 1117 1137 cum

62 1180 85 1221 ro
98 1181 174 1243 opus
204 1173 265 1246 est,
293 1163 381 1225 datur
408 1164 443 1224 ad
472 1182 562 1244 supra
590 1163 669 1225 dicta
697 1182 766 1225 cum
792 1165 854 1224 vini
882 1163 996 1244 cyathis
1018 1163 1116 1226 tribus

98 1251 233 1313 admixto
258 1260 341 1313 aceto
365 1259 453 1331 atque
477 1251 573 1332 melle,
596 1261 686 1332 prout
709 1254 805 1314 visum
829 1254 930 1314 luerit.

187 1340 236 1401 Ad
255 1342 357 1402 eadem
376 1341 541 1402 remedium
560 1342 675 1422 efficax,
694 1341 773 1420 quod
793 1343 950 1403 coniicitur
965 1343 1021 1403 sic:
1040 1341 1116 1421 Myr·
1135 1356 1151 1405 1

97 1447 147 1490 rae
172 1429 201 1490 X
221 1428 288 1511 1111,
316 1432 398 1491 croci
420 1437 451 1490 et
473 1431 594 1508 panacis
618 1429 644 1490 ll
668 1439 783 1512 ternos,
807 1430 911 1491 alterci
934 1429 1010 1512 liv,
1034 1433 1118 1491 anesi

98 1517 183 1597 llll,
214 1521 274 1597 apii
301 1520 423 1579 seminis
446 1517 527 1597 XV,
556 1520 616 1597 opii
639 1517 665 1578 X
688 1517 728 1600 11,
754 1521 909 1598 papaveris
937 1520 1059 1596 capitati
1087 1526 1117 1579 et

62 1624 85 1665 ra
99 1610 176 1667 asari
202 1606 228 1667 X
253 1608 372 1688 quinos,
397 1606 489 1685 gallae
513 1606 651 1686 Syriacae
674 1608 839 1667 inmaturae
863 1605 958 1695 SVI,
981 1608 1058 1666 mori
1081 1624 1117 1666 ex

98 1695 174 1756 rubo
206 1698 347 1756 inmaturi
374 1695 449 1756 aridi
476 1694 587 1774 llllll,
615 1713 701 1755 rosae
729 1694 828 1755 aridae
854 1693 950 1775 xvi,
978 1693 1117 1755 balaustii

99 1783 199 1865 lllll,
226 1802 311 1845 rosae
335 1785 457 1844 caninae
481 1786 547 1845 suci
569 1782 595 1843 X
614 1781 668 1864 ΙΙΙ,
696 1782 770 1843 rhus
795 1782 932 1863 Syriacae
956 1781 1032 1864 XV,
1057 1782 1116 1862 pal·

98 1891 217 1934 marum
232 1881 425 1953 purgatarum
439 1871 465 1931 ll
480 1871 542 1933 XX.
571 1870 651 1941 Quae
667 1878 838 1951 coquuntur
853 1890 889 1932 ex
903 1889 996 1950 aquae
1012 1873 1116 1932 cister·

99 1964 188 2023 ninae
218 1963 354 2022 sextariis
381 1960 492 2043 tribus,
520 1960 615 2022 donec
643 1960 831 2040 relinquatur
858 1962 1005 2022 sextarius
1028 1979 1116 2042 unns,

63 2066 87 2107 eo
100 2050 209 2110 deinde
227 2053 309 2129 ipsae
328 2049 441 2129 palmae
461 2051 670 2128 exprimuntur
688 2049 771 2128 prelo
791 2058 843 2111 aut
861 2049 973 2131 coclea3
993 2068 1029 2110 ex
1043 2068 1114 2111 suco

100 2139 206 2200 eodem
235 2146 324 2216 atque
346 2156 423 2218 aqua
447 2137 561 2198 modica
584 2138 661 2199 fiunt
684 2138 720 2198 de
744 2141 979 2218 suprascriptis
1003 2141 1115 2217 specie-

98 2226 155 2287 bus
185 2230 217 2287 in
241 2228 393 2305 pulverem
416 2226 545 2287 redactis
568 2227 677 2305 pastilli
700 2227 737 2288 ad
760 2227 786 2287 ll
810 2230 979 2308 semissem3
1007 2227 1116 2289 dantur

99 2316 247 2397 similiter,
261 2323 295 2375 ut
308 2316 392 2394 prius
406 2315 656 2376 medicamentum
670 2316 734 2376 dari
748 2324 886 2395 oportere
901 2318 1115 2395 praecepimus.

190 2403 316 2464 Prodest
338 2405 509 2463 torminosis
531 2403 709 2482 plantaginis
728 2422 820 2464 sucus
838 2403 885 2464 vel
903 2402 971 2465 rubi
990 2404 1036 2464 vel
1055 2404 1114 2465 len·
1135 2417 1168 2466 10

62 2508 86 2548 aa
99 2495 169 2554 tisci
197 2491 244 2553 vel
271 2491 345 2552 rhus
369 2491 482 2572 Syriaci
510 2492 556 2552 vel
582 2491 693 2552 herbae
718 2489 852 2551 mileiolii
874 2491 921 2551 vel
944 2490 1114 2573 terebinthi,

100 2583 234 2641 omnium
258 2580 294 2641 ad
317 2579 343 2639 ll
367 2582 520 2641 semissem
544 2589 633 2659 potus
657 2598 726 2640 cum
748 2581 816 2640 vino
839 2579 887 2639 vel
909 2596 992 2657 aqua.
1035 2578 1115 2639 Rene
1134 2592 1165 2641 11

99 2670 171 2730 lacit
195 2670 366 2729 torminosis
389 2671 513 2730 rumicis
537 2686 648 2749 semen,
672 2675 815 2746 quantum
839 2665 928 2745 ligula
952 2668 1039 2746 capit,
1062 2669 1114 2728 tri·

99 2768 164 2819 tum
193 2776 230 2818 ex
257 2759 318 2817 viui
345 2759 457 2818 austeri
484 2756 597 2836 cyathis
626 2763 767 2836 quattuor
795 2755 841 2816 vel
869 2773 962 2835 aquae
991 2755 1114 2816 totidem

99 2848 131 2906 in
159 2856 294 2925 tempore
322 2853 433 2923 potum.
475 2845 602 2906 Glandes
629 2846 789 2924 quercinae
812 2853 875 2906 tres
899 2852 951 2905 aut
974 2851 1114 2924 quattuor
1133 2858 1167 2909 11

62 2949 86 2989 oo
99 2935 146 2995 vel
171 2934 306 2995 eiusdem
328 2934 397 2994 lolia
419 2934 466 2994 vel
488 2933 564 2995 liber
588 2936 653 2995 eius
677 2941 780 2995 coctus
804 2952 839 2994 ex
863 2953 948 3016 aqua,
971 2953 1046 3013 quae
1067 2935 1114 2996 vel

100 3023 163 3083 sola
191 3022 237 3083 vel
263 3041 331 3084 cum
355 3025 422 3083 rino
445 3024 617 3083 torminosis
641 3024 726 3101 potui
749 3022 816 3083 data
839 3022 1000 3102 plurimum
1024 3024 1113 3103 prod·

100 3119 154 3172 est.
189 3111 374 3191 Ceratitidos,
398 3129 486 3190 quam
509 3110 630 3171 berham
654 3130 709 3171 nos
728 3111 834 3173 violam
852 3114 997 3173 marinam
1016 3111 1114 3190 appel·
1135 3125 1167 3174 13

99 3200 205 3281 lamus,
227 3200 343 3261 radices
366 3202 459 3261 trium
482 3200 642 3279 digitorum
665 3201 868 3280 magnitudine
892 3203 1026 3263 incoctae
1045 3202 1114 3260 vino

101 3296 221 3350 austero
244 3290 425 3349 torminosos
448 3290 563 3370 iuvant,
587 3291 613 3349 si
635 3288 709 3349 illud
733 3290 834 3350 vinum
858 3288 986 3349 admixta
1009 3288 1114 3349 leviter

191 3429 207 3479 b
227 3424 384 3479 tracantho.
452 3429 483 3476 11
504 3423 599 3495 prout]
618 3440 678 3493 pro.
741 3428 774 3479 lb
793 3422 866 3477 asari
884 3423 996 3493 scripti:
1014 3422 1112 3479 seriae.

99 3495 379 3621 llpmhnleuppioiifivat·
391 3500 424 3549 32
444 3493 618 3550 ceratitidos.
695 3510 746 3549 noe
764 3494 869 3549 violam
886 3494 999 3564 scripsi:
1016 3495 1113 3551 novio-

899 3657 953 3709 18*
