2609 4017
498 192 737 258 -241-

198 354 346 415 Corticem
370 356 526 433 caprificus
550 355 665 416 arboris
693 355 831 417 detrahes
860 365 890 417 et
917 356 988 416 dum
1015 371 1175 421 recenses

108 452 154 504 cst
183 443 219 504 ad
249 442 382 523 splenem
410 442 456 503 vel
484 446 572 504 etiarn
597 447 622 504 si
645 463 721 524 opus
745 445 837 505 luerit
864 444 898 505 ad
923 446 1007 505 iecur
1029 464 1122 524 pones

108 540 139 593 et
161 531 214 593 ubi
237 540 337 592 tumor
359 534 421 592 sive
440 532 566 593 durities
585 532 697 612 splenis
716 532 762 593 vel
780 535 889 593 iecoris
907 535 973 613 erit,
996 533 1038 594 ibi
1057 553 1122 596 cor·

108 624 198 682 tieem
227 620 339 682 diutius
362 620 542 703 continebis,
570 621 677 682 deinde
696 623 728 681 iu
751 621 831 682 iumo
855 640 920 683 eam
944 623 1122 702 suspendes;

82 709 190 789 equod
219 727 287 771 cum
313 710 419 789 iacies,
447 709 579 791 rogabis,
606 720 640 771 ut
669 712 747 770 sicut
775 719 877 771 cortex
905 710 954 772 ille
981 710 1123 790 paulatim

106 800 189 859 inmo
214 800 343 859 siccatus
365 801 488 879 arescit,
517 801 560 860 sic
588 798 673 878 splen
695 798 742 859 vel
767 801 852 859 iecur
874 798 1036 861 laborantis
1060 818 1122 861 are·

106 894 178 948 scat.
226 886 305 948 Haec
328 895 428 947 autem
452 906 500 948 res
524 895 644 951 tantum,
664 888 753 967 valet,
778 896 813 948 ut
836 890 862 947 si
885 887 991 949 catulis
1015 908 1122 950 recens

106 978 184 1035 natis
210 976 267 1056 liat,
291 975 428 1036 dicantur
452 978 573 1037 omnino
597 995 656 1037 non
681 994 826 1037 crescere.

197 1062 304 1143 Cypcri
323 1061 403 1144 drag.
417 1064 463 1142 Vl,
482 1065 591 1126 radicis
610 1084 686 1144 quae
705 1064 902 1125 manducatur
921 1068 1043 1127 seminis
1058 1085 1123 1147 cya-
1142 1080 1175 1130 oe

68 1170 92 1211 1o
105 1152 193 1213 thum
221 1170 315 1212 unum
342 1170 525 1232 propensum
554 1172 622 1214 cum
652 1172 746 1233 aquae
774 1156 912 1214 sextariis
934 1153 1032 1215 tribus
1055 1164 1123 1215 ante

106 1242 187 1303 diem
207 1240 313 1302 infusis
331 1244 363 1301 in
382 1241 438 1302 olla
457 1244 531 1303 nova
551 1242 587 1302 ad
605 1245 709 1304 tertias
728 1243 888 1323 decoquas,
906 1251 1009 1323 postea
1028 1246 1124 1322 ipsam

105 1348 215 1410 aquam
238 1330 396 1408 potandam
419 1330 533 1391 lienoso
556 1333 657 1391 ieiuno
681 1350 735 1409 per
759 1332 893 1393 triduum
923 1331 1019 1413 dabis,
1048 1336 1123 1393 mire

105 1419 275 1480 subvenies.

199 1506 231 1567 Si
255 1510 321 1586 quis
345 1526 453 1586 agnum
477 1525 583 1569 recens
611 1514 714 1567 natum
740 1508 896 1570 confestim
919 1509 1056 1570 manibus
1080 1510 1122 1570 di·
1143 1523 1176 1572 το

70 1595 197 1656 revellat
216 1595 383 1675 lienemque
404 1598 478 1676 eius,
496 1596 548 1657 ubi
568 1599 739 1677 extraxerit,
758 1596 886 1656 calidum
906 1614 997 1675 super
1016 1597 1123 1658 lienem

107 1684 239 1745 dolentis
262 1687 386 1763 inponat
410 1703 443 1745 ac
467 1686 557 1745 fascia
582 1685 653 1763 liget
676 1694 706 1744 et
724 1685 804 1745 dicat
822 1684 959 1746 adsidue:
983 1685 1125 1746 Remedio

106 1773 198 1833 lienis
221 1773 305 1853 facio,
330 1782 449 1852 postera
473 1773 520 1833 die
545 1772 694 1834 sublatum
718 1772 755 1833 de
778 1791 905 1851 corpore
929 1775 993 1834 eins
1017 1776 1126 1852 parieti

107 1861 254 1941 cubiculi,
281 1864 313 1922 in
337 1880 395 1941 quo
419 1861 552 1923 lienosus
575 1862 707 1922 dormire
730 1863 835 1921 solitus
861 1870 920 1942 est,
949 1861 1013 1922 luto
1041 1866 1125 1941 prius

106 1948 204 2030 inlito,
224 1958 257 2010 ut
273 1950 397 2010 haerere
417 1953 520 2031 possit,
539 1953 662 2029 inponat
672 1958 768 2029 atque
788 1951 887 2028 ipsum
906 1950 1002 2012 lutum
1022 1954 1125 2030 viginti

69 2056 93 2097 so
110 2045 228 2117 septem
255 2038 416 2117 signaculis
444 2042 542 2118 signet
569 2039 605 2099 ad
635 2039 750 2116 singula
773 2039 889 2100 dicens:
922 2038 1006 2100 Lieui
1031 2059 1124 2102 rente·

107 2128 193 2188 dium
225 2127 314 2208 facio,
340 2128 397 2187 hoc
424 2128 482 2188 tale
510 2127 677 2188 remedium
705 2129 731 2187 si
758 2135 805 2188 ter
832 2128 951 2210 iecerit,
978 2131 1010 2188 in
1038 2148 1126 2190 omne

106 2226 229 2293 tempus
244 2214 391 2276 lienosum
406 2218 540 2295 quamvis
554 2216 707 2277 infirmum
725 2225 755 2277 et
768 2216 987 2295 periclitantem
1001 2218 1125 2280 sanabit.

199 2303 243 2363 Ad
272 2303 405 2383 splenem
438 2304 603 2365 remedium
631 2303 788 2383 probatum
817 2307 874 2367 sic:
911 2306 1053 2386 Capparis
1080 2318 1127 2368 est
1145 2318 1178 2369 ‘11

107 2391 203 2453 herba
231 2392 277 2453 vel
303 2394 462 2472 leguminis
491 2411 599 2474 genus,
632 2411 699 2453 nam
734 2392 835 2472 lupino
863 2394 975 2454 similes
1003 2395 1125 2474 siliquas

69 2498 95 2538 ss
107 2482 217 2561 adfert,
240 2484 373 2542 nascitur
396 2484 427 2541 in
450 2481 524 2542 locis
548 2483 675 2563 saxosis;
697 2481 788 2541 huius
807 2481 937 2541 radicem
957 2480 1077 2561 colliges
1097 2494 1127 2543 et

107 2570 206 2632 liudes
228 2572 260 2630 in
283 2578 383 2651 partes
407 2570 489 2651 duas,
510 2588 635 2650 quarum
656 2587 745 2629 unam
764 2568 890 2629 siccabis
906 2587 938 2628 ac
957 2571 1126 2631 minutatim

107 2659 250 2721 concides
279 2667 309 2720 et
332 2661 432 2720 mittes
454 2662 484 2719 in
509 2659 598 2737 pilam
621 2658 748 2737 ligneam
772 2664 861 2736 atque
884 2657 944 2717 illic
968 2656 1126 2737 diligenter

106 2748 235 2829 tundes3
254 2748 361 2809 deinde
380 2750 410 2809 in
430 2748 518 2809 ollam
535 2748 640 2809 rudem
656 2749 765 2808 coicies
780 2753 893 2807 etcum
907 2747 984 2806 aceti
998 2746 1126 2807 beminis

106 2837 207 2899 tribus
222 2837 258 2898 ad
271 2839 374 2897 tertias
389 2837 539 2917 decoquas
553 2845 583 2898 et
597 2835 709 2898 colabis
723 2843 812 2914 atque
823 2835 892 2895 inde
903 2836 1002 2896 ieiuno
1012 2835 1125 2897 lienoso

71 2944 96 2983 so
110 2926 244 3005 singulas
264 2928 400 3005 potiones
420 2929 527 2988 mixtas
542 2925 685 2987 bibendas
699 2942 754 3003 per
769 2932 882 3002 septem
897 2924 961 2985 dies
976 2924 1059 2986 dabis
1077 2925 1126 2986 ob·

109 3025 294 3095 servaturus,
316 3033 353 3075 ne
372 3033 427 3095 per
445 3015 512 3075 illos
531 3015 595 3075 dies
616 3031 759 3093 umquam
777 3014 913 3093 frigidam
934 3022 984 3075 aut
1003 3014 1125 3076 calidam

110 3121 218 3182 aquam
233 3103 324 3185 bibat,
339 3104 391 3164 sed
405 3103 610 3165 tantummodo
620 3105 722 3164 vinum
733 3109 818 3163 vetus
828 3105 953 3164 mixtum
963 3120 1127 3183 meracum3

109 3199 226 3271 partem
246 3210 318 3252 vero
338 3191 488 3253 dimidiam
503 3190 613 3252 radicis
626 3191 707 3252 illius
721 3191 782 3251 lino
798 3189 902 3269 ligabis
918 3201 947 3252 et
961 3192 997 3251 ad
1012 3192 1126 3252 iumum

110 3281 278 3360 suspendes
302 3288 390 3358 atque
413 3280 487 3359 illic,
511 3280 605 3341 donec
629 3282 829 3359 persiccetur,
853 3297 972 3339 manere
996 3281 1127 3358 patieris.

202 3421 217 3467 t'
238 3415 355 3470 catulus.
429 3420 445 3469 9
466 3432 568 3470 semen.
644 3420 676 3469 11
696 3414 867 3483 dequoques,
941 3418 973 3467 12
995 3412 1126 3467 ieiunum,

113 3492 145 3540 17
165 3489 278 3555 postero
299 3484 459 3541 donatarius.
549 3492 584 3541 30
607 3485 723 3556 mixtas]
747 3485 853 3540 mittes.
944 3483 1128 3540 observaturo

113 3554 275 3612 Carnarius.
348 3564 383 3612 at
401 3557 525 3627 patieris.

165 3655 325 3707 nascamus,
337 3666 377 3698 aas.
390 3657 545 3699 Hamaxanteia.
934 3649 967 3697 16
