2609 4017
579 183 818 247 „244-

185 344 326 405 iocineris
349 352 379 403 et
401 344 647 422 praecordiorum
672 345 815 405 duritiam
838 354 868 405 et
890 345 927 404 ad
946 344 1082 405 dolorem
1101 364 1206 407 eorum

185 451 255 493 vere
284 434 436 513 convenit3
464 432 599 511 proderit
628 435 719 494 etiam
746 435 827 493 omni
856 432 921 493 loco
952 432 1068 494 dolenti
1095 437 1207 513 inposi-

186 529 259 601 tum,
278 522 436 582 conficitur
455 524 511 582 sic:
530 520 649 602 cyperi,
669 524 868 583 ammoniacae
886 529 996 602 guttae,
1015 522 1207 604 cardamomi,

185 609 325 689 bidellae,
353 612 443 689 turis,
471 612 586 671 resinae
616 610 848 689 terebinthinae,
881 605 1068 689 singulorum
1101 615 1206 673 uncias

186 699 284 779 binas3
308 706 357 759 tus
380 708 411 759 et
433 698 541 759 bidella
564 706 755 760 macerantur
777 699 874 779 pridie
896 701 994 760 infusa
1014 701 1076 759 rini
1095 704 1230 761 veteriss

186 788 324 866 sextario,
352 796 453 847 cetera
481 788 721 867 contunduntur3
751 788 858 848 deinde
886 806 972 849 cerae
995 788 1027 849 P.
1050 788 1066 848 l
1093 799 1126 849 et
1150 790 1205 849 olei

1292 2717 1293 2746 l

186 877 303 954 cyprini
321 872 381 935 &l
403 894 471 936 cum
490 875 693 937 terebinthina
713 877 870 956 liquefiunt
888 878 1059 956 ceterisque
1077 880 1204 939 miscen-

188 971 236 1024 tur
263 972 294 1025 et
323 964 375 1025 diu
403 963 539 1025 manibus
563 964 758 1047 subiguntur3
786 965 907 1045 quidam
929 965 1064 1027 adiciunt
1086 984 1204 1047 myrrae

188 1085 226 1095 —
247 1051 269 1132 1,
293 1055 375 1113 croci
400 1086 437 1097 -
458 1052 481 1133 1,
504 1055 633 1114 cinnami
656 1089 701 1097 -
721 1053 743 1115 l.

150 1154 166 1203 3
275 1140 447 1220 Conpositio
468 1141 541 1203 haec
561 1144 686 1203 mirifica
705 1161 766 1203 non
785 1142 881 1203 solum
900 1142 1011 1221 lateris,
1034 1162 1142 1203 verum
1160 1146 1203 1203 in·
1216 1160 1240 1199 n

186 1240 376 1291 teraneorum
405 1229 522 1291 dolores
551 1232 671 1292 minuit:
708 1231 825 1292 Herbae
852 1233 1007 1309 gentianae
1036 1230 1119 1309 drag.
1142 1232 1204 1310 XX,

186 1320 240 1379 iris
258 1317 393 1397 Illyricae
412 1318 492 1397 drag.
511 1318 595 1397 XLV,
614 1337 731 1399 myrrae
749 1316 828 1399 drag.
848 1319 883 1400 X,
907 1321 1020 1399 piperis
1039 1318 1120 1399 drag.
1140 1320 1204 1381 XII.

187 1406 353 1486 Separatim
377 1409 474 1467 omnia
497 1410 528 1467 in
551 1407 705 1487 pulverem
726 1408 846 1469 redacta
864 1410 989 1469 misceto
1008 1416 1099 1487 atque
1119 1410 1204 1470 adice

186 1495 233 1555 his
263 1494 357 1555 mellis
386 1497 491 1574 optimi
522 1497 689 1576 despumati
717 1496 796 1576 quod
827 1499 899 1558 satis
926 1496 1079 1558 videbitur
1108 1507 1141 1558 et
1167 1498 1204 1558 ad

187 1585 421 1664 magnitudinem
449 1588 535 1645 nucis
563 1585 710 1646 avellanae
738 1604 807 1646 cum
835 1603 928 1664 aquae
952 1586 1064 1646 calidae
1088 1586 1203 1666 cyathis
1217 1601 1240 1642 15

188 1673 285 1734 tribus
308 1676 393 1753 potui
416 1673 492 1734 dato.

152 1772 169 1820 4
277 1762 384 1840 Herba,
408 1781 484 1841 quae
507 1766 560 1823 iris
579 1761 754 1842 appellatur,
777 1765 904 1823 maxime
924 1766 949 1823 si
969 1762 1116 1823 silvestris
1136 1767 1204 1842 erit,

152 1860 168 1909 5
187 1851 308 1931 inligata
326 1851 412 1911 lateri
427 1851 559 1912 dolorem
574 1854 639 1911 eins
654 1854 792 1930 protinus
807 1850 891 1912 tollit.
924 1850 1041 1911 Herbae
1056 1852 1205 1913 verbenae

188 1939 325 2000 solistitio
341 1937 480 2000 collectae
496 1941 641 2000 arefactae
662 1948 692 1999 et
705 1948 847 2000 contusae
866 1939 963 2019 pulvis
977 1942 1008 1999 in
1025 1940 1206 2001 cocliaribns

189 2028 322 2105 quinque
351 2026 474 2087 robusto
503 2036 533 2087 et
556 2027 651 2088 valido
676 2047 712 2087 ex
734 2030 795 2088 vini
818 2029 934 2087 Aminei
957 2029 1067 2087 veteris
1092 2029 1244 2107 cyathisso

188 2113 296 2194 tribus,
320 2114 502 2175 febricitanti
525 2135 561 2175 ex
585 2134 661 2195 aqua
684 2116 777 2176 calida
802 2119 885 2195 potui
905 2115 992 2176 datus
1013 2117 1090 2175 mire
1109 2116 1207 2177 dolori

152 2203 288 2264 clateris
311 2202 457 2263 medetur.
498 2203 615 2264 Herbae
642 2207 798 2283 gentianae
822 2214 852 2265 et
875 2206 1014 2283 sagapeni
1038 2202 1122 2283 drag.
1147 2208 1206 2265 sin·

186 2291 272 2369 gulae
296 2294 441 2351 contritae
466 2299 588 2353 etcum
612 2312 706 2372 aquae
729 2293 841 2353 calidae
865 2292 979 2372 cyathis
1003 2292 1102 2354 tribus
1121 2297 1208 2371 potui

186 2380 270 2440 datae
294 2378 427 2440 dolorem
449 2380 551 2442 lateris
575 2381 688 2461 sedant,
712 2385 737 2441 si
760 2384 792 2441 in
814 2381 902 2462 latus,
930 2381 1009 2460 quod
1029 2381 1118 2463 dolet,
1137 2394 1206 2461 post

186 2471 370 2529 curationem
393 2470 528 2531 infirmus
551 2470 603 2531 diu
627 2472 762 2531 iacuerit.
1217 2487 1241 2526 rs

151 2570 167 2619 't
276 2558 308 2618 ln
327 2557 424 2637 lapide
443 2559 556 2638 iaspide
571 2558 697 2638 Phrygia
717 2561 850 2620 aerizusa
870 2561 894 2619 si
916 2565 986 2618 nota
1000 2559 1078 2618 infra
1092 2561 1205 2638 scripta

186 2647 334 2726 insculpta
355 2648 453 2727 fuerit,
471 2648 502 2707 id
517 2655 563 2707 est
577 2663 661 2723 555·
676 2656 706 2707 et
720 2647 795 2708 collo
816 2647 943 2709 dolentis
957 2646 1035 2707 latus
1049 2647 1143 2707 fuerit
1158 2667 1204 2709 su·
1292 2645 1293 2710 l

152 2746 168 2795 8
188 2753 324 2814 spensnS,
338 2738 413 2796 mire
427 2736 570 2814 proderit.
594 2735 712 2797 Herbae
722 2739 888 2797 vettonicae
903 2734 1041 2796 foliorum
1056 2737 1205 2797 inumbra

187 2824 332 2884 arefactae
351 2834 456 2885 tunsae
476 2825 683 2904 cribrataeque
699 2818 738 2911 2·
752 2823 779 2884 11
794 2844 830 2885 ex
844 2827 905 2885 rini
919 2833 970 2885 aut
984 2823 1074 2884 mulsi
1089 2824 1204 2903 cyathis
1292 2859 1293 2918 p

186 2910 304 2971 duobus
323 2914 408 2989 potui
428 2931 509 2993 sano,
528 2913 725 2975 febriculento
744 2932 780 2974 ex
797 2932 873 2992 aqua
886 2913 982 2973 mulsa
996 2913 1114 2992 dantur,
1134 2932 1203 2974 con·
1216 2930 1241 2967 ω
1292 2933 1293 2956 ³

152 2998 287 3061 efestim
308 2998 440 3060 dolorem
454 3000 556 3061 lateris
576 3002 742 3062 emendant.
779 3003 852 3080 Apri
871 3010 988 3061 stercus
1002 3002 1119 3062 aridum
1134 3021 1203 3063 con·
1292 3067 1293 3084 y

190 3090 295 3149 tritum
307 3097 337 3147 et
346 3090 461 3166 potioni
470 3090 639 3168 inspersum
650 3090 767 3150 dolores
776 3090 877 3150 lateris
888 3093 1052 3150 sanatmira
1060 3093 1203 3169 potentia.
1292 3097 1293 3100 ’

137 3188 171 3238 ro
279 3176 402 3237 Cocleae
421 3186 574 3256 exemptae
593 3186 669 3239 testa
689 3197 742 3239 sua
761 3186 791 3238 et
805 3197 872 3238 cum
887 3180 1003 3256 ptisana
1016 3186 1118 3239 coctae
1132 3179 1203 3239 late-

187 3269 227 3326 ris
252 3264 404 3327 doloribus
427 3266 594 3347 medentur,
615 3266 732 3347 melius,
752 3269 778 3326 si
798 3285 932 3327 umorem
951 3268 1083 3345 ptisanae
1105 3269 1202 3345 ipsius

276 3470 507 3539 tterebintinaa
525 3472 588 3527 item
608 3478 631 3527 t.
699 3477 739 3525 12·
750 3470 860 3526 mitrae.
928 3478 963 3527 20
981 3470 1105 3543 Aminei]
1126 3490 1201 3528 com·
1292 3451 1293 3492 ¹

186 3540 281 3594 minei.
319 3547 352 3595 21
371 3540 558 3596 febricitante.
631 3547 667 3596 26
686 3539 770 3611 higio
789 3542 897 3597 erinisa.

48 3813 216 3971 Δ
