2609 4017
562 162 807 228 -248-

177 333 344 405 temperare
368 323 469 405 debet,
498 324 577 385 unde
603 326 664 385 sint
687 332 750 385 tres
773 326 924 404 potioneS,
951 326 992 385 ita
1016 333 1049 385 ut
1072 344 1089 385 a
1112 324 1193 386 nullo

177 414 233 475 alio
258 432 346 494 quam
370 414 474 492 abeo,
499 415 551 492 qui
576 413 701 473 daturos
725 421 780 492 est,
803 412 894 473 herba
919 412 967 472 illa
990 412 1037 473 vel
1060 415 1142 491 potio
1163 424 1194 474 et

176 503 212 564 ab
233 522 277 583 eo,
296 500 349 582 qui
368 511 546 581 accepturus
567 511 622 577 est,
641 509 788 580 tangatur.
826 501 905 562 Haec
925 505 976 581 qui
994 502 1071 562 bene
1091 501 1193 562 ohser-

176 594 297 670 raverit,
321 593 429 652 mirum
454 590 619 651 remedium
642 592 781 651 inveniet.

124 692 157 740 12
266 681 308 739 Ad
339 698 428 739 coxae
457 679 589 741 subitum
618 687 771 758 stuporem
795 679 841 739 vel
869 678 1016 739 dolorem:
1047 680 1217 740 hironitris
1285 688 1287 768 l

176 801 220 813 -
235 769 257 848 l,
276 770 395 847 senapis
419 802 453 810 -
472 767 493 848 l,
513 770 625 846 piperis
647 769 829 828 semunciam
849 775 929 828 teres
949 776 979 827 et
997 770 1070 828 trita
1089 770 1192 828 misce-

175 857 231 937 bis,
254 864 289 917 ut
312 855 464 935 pulverem
488 857 586 937 facias,
612 864 641 917 et
665 858 695 915 in
720 856 824 916 balneo
848 856 955 938 locum,
983 856 1020 915 de
1044 875 1106 935 quo
1125 876 1193 935 que

176 947 263 1024 reris,
286 945 470 1023 perfricabis

124 1046 157 1095 13
267 1034 441 1095 Remedium
465 1034 501 1093 ad
524 1035 656 1093 nesciam
676 1034 732 1094 sic:
756 1032 882 1111 Colliges
899 1033 1032 1113 herbam,
1056 1052 1135 1112 quae
1154 1034 1194 1094 di·

178 1126 258 1185 citur
281 1123 464 1202 Britannice,
488 1122 536 1181 die
559 1122 636 1182 lovis
659 1130 760 1181 vetere
783 1120 851 1181 luna
876 1132 906 1182 et
927 1122 1044 1202 liduna,
1069 1122 1195 1183 siccabis
1207 1138 1230 1176 ιο

179 1222 209 1273 et
232 1230 369 1291 repones,
393 1213 461 1290 qnia
485 1210 583 1270 hieme
608 1229 668 1273 non
691 1218 823 1289 apparet,
846 1228 915 1270 nam
936 1219 966 1270 et
985 1211 1090 1271 viridis
1108 1205 1196 1290 prod·

179 1309 238 1381 est;
266 1308 346 1360 teres
375 1300 451 1359 hanc
479 1317 548 1359 cum
577 1298 673 1359 tribus
701 1300 802 1377 granis
830 1297 899 1359 salis
927 1308 957 1359 et
985 1318 1055 1359 cum
1083 1302 1195 1378 piperis

178 1390 279 1468 granis
304 1390 436 1467 quinque
460 1397 511 1448 aut
535 1396 664 1467 septem,
691 1386 782 1448 addes
809 1398 839 1448 et
866 1387 985 1465 plenum
1010 1388 1124 1466 grande
1148 1407 1195 1448 co·

180 1477 277 1539 cleare
300 1475 397 1551 mellis
422 1483 451 1536 et
474 1477 535 1536 vini
558 1478 709 1556 potionem
733 1474 841 1536 bonam
860 1483 890 1536 et
908 1478 935 1536 si
952 1476 1084 1537 volueris
1104 1477 1195 1537 modi·

180 1586 248 1628 cum
269 1566 379 1626 calidae
399 1583 491 1644 aquae
511 1564 621 1625 adicies
640 1571 672 1624 et
690 1566 733 1625 sic
751 1564 913 1625 bibendum
931 1564 1029 1645 dabis3
1049 1565 1103 1625 sed
1119 1566 1195 1625 hanc
1207 1578 1229 1619 11

178 1655 302 1716 herbam
318 1664 373 1734 ter,
388 1654 459 1715 dum
473 1663 567 1733 tenes,
581 1661 741 1731 antequam
755 1652 885 1733 colligas,
899 1664 1094 1731 praecantare
1104 1653 1195 1715 debes

179 1747 237 1805 sic:
262 1743 385 1804 Terram
404 1752 501 1823 teneo,
524 1741 647 1802 herbam
667 1741 742 1821 lego,
765 1743 795 1801 in
816 1744 935 1802 nomine
955 1741 1076 1820 Christi,
1100 1745 1197 1822 prosit

179 1833 214 1893 ad
245 1832 324 1912 quod
353 1840 381 1892 te
411 1830 524 1911 colligo.
565 1828 791 1891 Medicinalibus
814 1830 915 1909 digitis
938 1849 1002 1890 eam
1026 1833 1091 1891 siue
1116 1832 1196 1891 lerro

179 1920 333 2000 praecides
357 1927 408 1979 aut
431 1919 547 1979 evelles.

128 2018 162 2068 14
270 2008 311 2067 dd
328 2009 458 2067 nesciam
474 2007 510 2066 de
525 2010 730 2085 experimento
745 2007 910 2068 remedium
925 2009 981 2067 sic:
995 2007 1089 2067 Radix
1100 2007 1195 2087 bugil·
1207 2021 1231 2060 tt

182 2095 259 2155 lonis
280 2098 343 2155 sine
363 2096 443 2155 ferro
462 2094 612 2173 colligitur
629 2096 676 2156 vel
695 2099 813 2156 eruitur
831 2096 897 2174 palo
916 2105 1017 2176 acuto;
1034 2096 1110 2156 haec
1129 2104 1196 2157 tun·

181 2185 264 2244 ditur
287 2186 318 2242 in
343 2184 400 2261 pila
424 2183 469 2243 vel
493 2186 603 2245 teritur
625 2188 657 2245 in
680 2187 821 2244 mortario
844 2194 875 2245 et
898 2202 989 2245 sucus
1012 2187 1077 2245 eius
1100 2188 1196 2264 expri-

182 2274 282 2351 mitur,
305 2274 345 2332 ita
369 2274 457 2333 utin
481 2290 552 2333 suco
577 2291 611 2333 eo
635 2274 676 2333 sit
700 2272 745 2332 vel
768 2275 950 2353 quartarium
974 2273 1081 2333 deinde
1105 2292 1197 2351 grana

182 2362 296 2441 piperis
320 2360 398 2421 XXV
421 2369 561 2422 teruntur
584 2370 614 2421 et
637 2360 735 2421 mellis
759 2360 833 2421 libra
857 2361 984 2422 adicitur
1007 2380 1041 2422 ac
1065 2363 1128 2423 vini
1150 2381 1196 2422 re·

182 2452 258 2511 teris
287 2452 442 2511 sextarius.
484 2450 563 2510 llaec
591 2451 687 2510 omnia
717 2468 784 2510 cum
813 2468 885 2510 suco
909 2468 1000 2528 supra
1023 2452 1137 2529 scripto
1160 2451 1231 2511 ads

182 2539 304 2601 modum
327 2540 440 2600 conditi
463 2540 684 2619 permiscentur
707 2547 737 2598 et
760 2538 905 2599 laboranti
928 2541 959 2598 iu
983 2538 1103 2619 balneo,
1129 2558 1196 2600 cum

183 2632 241 2689 iam
265 2646 357 2708 prope
382 2628 476 2688 lassus
500 2629 604 2707 luerit,
628 2626 839 2705 pertriduum
863 2628 991 2705 potanda
1014 2630 1044 2687 in
1069 2627 1195 2688 caldaria

184 2717 280 2777 tribus
304 2717 475 2795 potionibus
499 2716 617 2794 dantur,
640 2717 715 2775 mire
737 2715 881 2794 proderit.

132 2818 163 2865 15
275 2804 441 2884 Descriptio
462 2807 557 2865 ceroti
575 2804 737 2884 chalastici,
755 2803 833 2883 quod
852 2805 922 2864 lacit
935 2803 970 2864 ad
986 2822 1090 2863 omnes
1105 2806 1196 2865 totius
1285 2831 1286 2900 p

184 2894 319 2970 corporis
343 2892 469 2974 dolores,
492 2895 652 2971 praecipue
676 2892 711 2953 ad
736 2894 927 2953 contusiones
945 2892 1150 2953 membrorum
1168 2900 1230 2953 etao
1285 2903 1286 2954 3

183 2998 344 3040 nervorum
362 2980 550 3041 infirmitates
570 2989 600 3041 et
619 2982 653 3041 ad
675 2981 819 3041 stomachi
838 2981 979 3043 dolorem.
1012 2979 1134 3059 insigne
1153 2991 1196 3042 est

184 3076 266 3129 certe
294 3070 431 3148 inprimis
459 3068 494 3128 ad
523 3068 693 3130 lumborum
722 3077 752 3131 et
775 3070 891 3130 renium
920 3069 1052 3150 dolores;
1078 3071 1195 3131 confici·
1285 3061 1286 3072 ’

184 3166 235 3219 tur
264 3165 363 3218 vetere
392 3156 460 3217 luna
490 3166 520 3217 et
546 3157 646 3219 liduna
676 3177 691 3218 a
719 3177 822 3219 mense
850 3158 955 3219 Martio
983 3160 1015 3217 in
1043 3158 1195 3236 quodlibet
1285 3189 1286 3268 p

185 3256 302 3327 tempus
317 3247 470 3326 aestivum,
484 3247 591 3326 recipit
604 3246 691 3308 haec:
708 3246 803 3307 Flomi
818 3247 931 3327 libram,
945 3246 1055 3307 herbae
1071 3246 1194 3307 Sabinae

273 3452 445 3523 osaenepis.
518 3452 638 3521 peperis.
713 3451 885 3519 tquaereri.
949 3458 982 3507 10
999 3453 1194 3508 brittannicae.

184 3526 217 3575 21
236 3522 394 3592 collegitur.
467 3528 500 3575 32
519 3522 640 3592 renium]
659 3521 822 3577 remedium.
