2609 4017
566 191 807 255 —148—

176 363 315 436 strumas,
338 357 428 416 etiam
451 353 636 414 marrubium
660 373 728 414 cum
752 354 837 432 adipe
861 356 987 414 mixtum
1008 352 1192 432 adpositum-

176 463 234 524 que
257 444 388 523 prodest.

122 547 155 596 ‘le
263 531 451 593 Exulceratis
480 533 604 591 strumis
632 531 775 592 mustelae
804 533 923 608 sanguis
947 537 1028 590 recte
1050 531 1194 592 inlinitur

120 635 156 684 80
174 621 220 682 vel
251 623 316 699 ipsa
343 622 374 680 in
406 621 474 680 vino
507 619 629 680 decocta
662 620 821 682 salubriter
848 621 1010 697 inponitur.
1056 619 1192 700 Coeleas,

175 727 251 790 quae
279 708 381 769 salinis
407 708 577 790 inhaerent,
606 727 675 770 eum
702 711 788 769 testis
814 710 877 768 suis
900 715 1006 769 tunsae
1029 716 1117 788 atque
1143 711 1221 769 ins

120 813 153 862 81
173 799 288 878 positae
312 799 435 858 strumis
458 797 619 858 efficaciter
642 805 778 876 prosunt.
814 796 923 875 'lalpae
947 798 1022 856 cinis
1045 815 1082 857 ex
1100 797 1192 858 melle

173 887 276 948 inlitus
300 887 424 948 strumis
448 884 492 946 vel
516 877 600 946 ieeur
623 889 689 946 eius
712 889 792 946 inter
814 903 920 946 manus
942 887 1048 946 tritum
1070 885 1192 966 adposi-

120 989 155 1038 88
174 983 237 1036 tum
266 975 428 1054 plurimum
445 973 587 1053 prodest.
634 974 771 1036 Strumae
799 976 910 1053 optime
938 974 1075 1034 medetur
1102 975 1193 1035 radix

172 1063 332 1144 verbenae,
360 1065 387 1124 si
414 1081 479 1124 eam
505 1070 706 1124 transversam
734 1081 852 1124 reseces
875 1070 1096 1142 extremamque
1119 1065 1193 1124 eius

172 1161 288 1232 partem
310 1152 474 1213 laborantis
497 1151 573 1212 eollo
597 1151 770 1232 subnectas,
794 1154 925 1230 priorem
949 1158 1047 1211 autem
1070 1159 1192 1230 partem
1208 1167 1234 1205 10

172 1244 203 1302 in
231 1242 314 1303 inmo
342 1240 515 1320 suspendas.
560 1240 723 1301 Arescente
752 1243 832 1301 enim
855 1259 889 1301 ea
912 1249 1044 1301 strumae
1067 1257 1194 1320 quoque

172 1329 365 1391 siccabuntur
394 1337 425 1389 ct
452 1331 549 1389 omnis
576 1347 680 1390 earum
708 1347 795 1390 umor
823 1337 946 1390 arescet.
992 1328 1065 1390 Cum
1095 1347 1193 1390 sanus

172 1418 277 1500 luerit,
301 1436 391 1497 quem
415 1420 543 1499 curaris,
572 1421 598 1478 si
621 1417 678 1479 tibi
699 1420 834 1497 ingratus
858 1419 1003 1498 extiterit,
1027 1426 1193 1497 utramque

118 1521 155 1570 88
173 1514 290 1587 partem
316 1509 349 1567 in
377 1525 483 1586 aquam
511 1508 632 1589 coicito,
660 1514 790 1568 strumae
819 1516 1021 1567 renascentur.
1066 1505 1193 1567 Urticae

172 1596 289 1660 radices
317 1614 386 1656 cum
414 1603 498 1656 aceto
523 1603 625 1656 coctae
649 1605 851 1675 contusaeque
875 1615 908 1656 ac
932 1594 1071 1656 subactae
1094 1598 1234 1656 mani-1⁵

171 1684 229 1746 bus
247 1684 365 1764 tepidae
384 1686 580 1766 inponuntur,
601 1686 779 1763 incipientes
798 1692 928 1745 strumas
947 1685 1087 1744 continuo
1105 1702 1192 1744 com·

170 1776 314 1852 primunt.
358 1773 439 1834 llaec
462 1783 564 1834 autem
587 1791 660 1834 cura
683 1791 743 1833 non
767 1773 862 1833 solum
886 1772 1029 1833 discutiet
1051 1790 1191 1851 prorum-

171 1871 277 1940 pentes
305 1869 448 1943 strumas,
479 1862 531 1922 sed
559 1871 589 1922 et
616 1869 748 1922 maturas
771 1864 811 1922 ita
835 1863 962 1942 aperiet,
989 1869 1024 1922 ut
1047 1860 1191 1922 omnibus

173 1948 324 2010 radicibus
346 1952 467 2028 penitus
491 1952 632 2010 extractis
655 1950 692 2010 ad
716 1951 913 2011 certissimam
937 1951 1093 2010 sanitatem
1118 1951 1191 2010 sine

118 2051 154 2100 84
172 2037 232 2099 nlla
254 2040 443 2098 cunctatione
466 2037 619 2116 perducat.
656 2037 756 2117 bdeps
780 2041 899 2116 caprina
923 2055 990 2098 cum
1014 2038 1094 2098 calce
1114 2037 1189 2098 sub·
1206 2053 1234 2092 so

118 2139 152 2188 88
173 2133 238 2186 acta
261 2133 291 2186 et
314 2124 447 2205 adposita
470 2135 600 2187 strumas
623 2129 723 2188 statim
747 2126 881 2188 dissolvit
904 2134 934 2186 et
953 2134 1043 2186 sanat.
1079 2125 1188 2204 Lupus

172 2217 313 2295 marinus,
336 2215 366 2275 id
390 2222 437 2275 est
454 2217 555 2294 piscis,
578 2223 677 2276 tantae
696 2215 845 2276 efficaciae
864 2222 910 2276 est
929 2215 1085 2275 adversum
1104 2224 1188 2276 stru-

170 2321 243 2384 mas,
267 2311 301 2363 ut
322 2303 358 2363 ad
378 2302 540 2382 quamlibet
558 2311 672 2383 partem
692 2306 827 2382 corporis
846 2303 982 2364 admotus
1001 2311 1188 2364 strumarum

171 2393 276 2452 vitium
299 2410 387 2452 omne
410 2401 557 2471 persanet.

118 2493 151 2543 88
259 2481 409 2542 Adversus
432 2481 605 2560 languorem
627 2481 725 2541 lncani
749 2489 905 2560 expertum
924 2480 1106 2541 medicamen
1123 2479 1186 2542 hoo
1202 2494 1231 2534 2⁵

171 2569 277 2630 iacies:
302 2568 418 2649 Piperis
441 2569 500 2630 albi
525 2568 610 2649 -Ι,
633 2587 780 2648 naporum
803 2571 926 2629 seminis
950 2602 991 2610 -
1011 2568 1074 2640 llll,
1097 2578 1188 2630 rutae

170 2659 273 2719 viridis
293 2651 333 2744 2«
352 2657 398 2739 Vl,
421 2657 551 2719 absinthi
574 2657 678 2718 Gallici
700 2650 739 2743 9«
760 2657 805 2739 Vl,
828 2657 933 2718 laseris
954 2658 1059 2736 optimi
1078 2649 1117 2743 3·
1137 2656 1188 2738 Vl,

171 2747 267 2807 mellis
286 2748 391 2824 optimi
408 2750 580 2808 sextarium.
619 2746 672 2806 llis
691 2749 771 2807 tritis
791 2747 1017 2824 commixtisque
1040 2747 1187 2819 inunum

171 2834 344 2895 cocliarium
366 2833 487 2912 plenum
510 2833 595 2894 dabis
618 2837 719 2895 ieiuno
743 2833 907 2895 vorandum
925 2833 972 2894 vel
994 2834 1095 2894 fauces
1114 2834 1187 2894 inde

118 2936 151 2986 87
171 2924 334 3000 continges.
365 2924 432 3001 bpii
451 2925 572 2982 seminis
591 2929 735 3001 quantum
755 2922 853 2983 tribus
872 2923 971 3002 digitis
991 2921 1187 3001 comprehcn·
1202 2936 1231 2976 ³0

172 3011 233 3092 das,
255 3009 430 3070 tantundem
454 3018 484 3070 et
502 3010 572 3071 salis
595 3018 626 3071 et
644 3015 763 3091 senapis
781 3011 973 3071 Alexandrini
991 3010 1110 3090 adicies,
1133 3030 1186 3072 ru·

170 3109 219 3159 tac
242 3116 361 3178 quoque
384 3099 487 3159 viridis
511 3099 651 3178 pusillum
676 3099 767 3160 addes
791 3109 820 3160 et
843 3099 900 3160 alei
918 3101 1016 3178 spicas
1035 3099 1066 3160 V.
1103 3099 1186 3160 Haec

172 3197 252 3248 teres
275 3186 432 3265 diligenter
453 3195 483 3248 et
501 3187 644 3266 adiunges
663 3191 741 3250 aceti
758 3188 830 3249 boni
847 3190 1032 3266 quartarium
1050 3195 1080 3249 et
1099 3187 1186 3249 dabis

171 3276 275 3337 bibere
299 3295 334 3336 ex
357 3293 433 3354 aqua
455 3276 562 3356 calida,
585 3279 612 3337 si
634 3279 693 3338 iam
716 3296 770 3356 per
794 3275 926 3337 dolorem
949 3276 1078 3338 faucium
1101 3295 1186 3336 man·¹

118 3378 152 3427 88
172 3364 281 3426 ducare
305 3383 365 3425 non
388 3367 506 3444 poterit.
551 3364 654 3445 Adipis
678 3368 787 3427 veteris
812 3399 853 3408 -
872 3365 893 3446 l,
919 3367 997 3426 turis
1019 3383 1110 3444 grana
1133 3364 1231 3448 lll,as

244 3557 277 3605 25
296 3551 403 3623 focani]
420 3552 544 3606 faucium
564 3551 724 3608 omousius.
