2609 4017
485 174 728 239 *277-

187 336 354 398 Palmarum
381 355 507 397 numero
536 336 590 397 XX
619 337 741 419 pulpae,
773 338 856 399 iunci
887 336 996 397 radicis
1025 336 1050 397 X
1077 336 1113 418 X,
1132 350 1167 399 ro

92 426 190 505 gabae
215 428 379 487 inmaturae
404 424 484 505 XX,
507 444 623 506 myrrae
646 426 673 485 X
692 425 728 508 V,
752 426 921 487 tunduntur
940 432 970 485 et
988 427 1114 487 miscen-

92 522 150 576 tur
177 518 316 576 universa
343 523 432 594 atque
456 533 493 575 ex
516 514 655 577 omnibus
678 516 754 576 liunt
777 533 813 575 ex
835 517 904 575 rino
927 513 1038 594 pastilli
1061 532 1114 574 nu·

91 621 181 665 mero
201 602 291 686 XXX,
314 604 423 665 dantur
447 604 584 665 similiter
606 611 641 665 ut
663 604 815 684 praedicta
837 603 1054 664 medicamenta
1078 621 1115 663 ex

63 711 76 753 a
93 692 233 772 quolibet
255 692 379 772 liquore.

188 781 331 843 balaustii
354 780 430 862 XV,
454 783 570 861 soporis
593 780 678 863 Xll,
706 780 798 859 gabae
821 783 986 843 inmaturae
1009 779 1166 859 pilula-21

92 889 167 931 rum
188 868 213 930 X
231 869 267 951 ss,
289 872 424 931 tamarici
443 872 565 931 seminis
585 870 610 930 X
628 870 665 951 ll,
685 872 764 931 turis
782 868 808 929 X
827 868 890 950 llll,
908 870 982 931 rhus
1001 868 1115 949 Syriaci

95 958 122 1019 X
142 957 207 1039 llll,
230 962 420 1020 vinaceorum
443 966 590 1020 tostorum
614 959 640 1019 X
659 958 696 1040 V3
724 958 795 1019 binc
817 957 939 1037 pilulam
962 958 999 1019 ad
1023 959 1115 1020 duum

94 1049 291 1109 denariorum
313 1048 431 1127 pondus
454 1066 523 1109 cum
545 1050 666 1127 potione
690 1067 726 1109 er
748 1049 811 1108 vini
832 1050 911 1126 nigri
930 1046 1044 1127 cyathis
1062 1050 1111 1108 tri·

52 1157 78 1197 1o
93 1136 156 1198 bus
176 1137 359 1217 totidemque
378 1155 472 1215 aquae
491 1136 602 1197 calidae
621 1138 712 1198 mixta
730 1139 895 1197 torminoso
910 1136 974 1197 dari
989 1143 1115 1215 oportet.

190 1225 223 1286 Si
240 1227 396 1286 torminosi
410 1225 457 1286 vel
473 1225 577 1306 cyliaci
590 1233 714 1305 propter
728 1226 900 1305 frequentes
915 1226 1115 1286 desurreotio-
1134 1234 1169 1283 22

94 1333 153 1375 nes
182 1313 296 1375 viribus
323 1315 514 1397 deficientur,
542 1314 654 1375 dandae
683 1322 772 1376 erunt
800 1317 844 1375 eis
871 1313 1051 1375 sorbitiones
1079 1332 1118 1375 ex

95 1420 236 1463 cremore
263 1402 351 1463 farris
378 1402 425 1463 vel
453 1421 488 1463 ex
516 1405 632 1482 ptisana
660 1404 754 1464 iactae
783 1404 870 1465 modo
893 1421 948 1482 per
971 1421 1004 1463 se
1028 1401 1116 1485 solae,
1227 1408 1232 1421 '

95 1491 189 1551 modo
212 1509 281 1551 cum
304 1510 371 1552 rosa
394 1493 591 1570 unguentaria
614 1493 737 1573 mixtae,
764 1491 810 1552 vel
833 1495 881 1552 ius
904 1491 1029 1571 gallinae
1051 1493 1115 1569 pin-

55 1598 81 1639 15
96 1582 169 1659 gnis
201 1588 341 1641 excoctae
372 1598 440 1642 cum
474 1579 582 1660 butyro
614 1581 661 1641 vel
693 1580 738 1641 lac
768 1597 933 1658 caprunum
961 1587 1012 1640 aut
1039 1580 1115 1641 ovile

96 1668 234 1747 tepidum
258 1685 312 1748 per
335 1686 366 1729 se
389 1667 437 1728 vel
459 1671 548 1729 etiam
572 1669 727 1731 decoctum
751 1686 819 1729 oum
843 1668 950 1749 butyro
974 1675 1005 1728 et
1027 1667 1115 1730 lenti·

98 1757 168 1818 cula
196 1756 333 1818 similiter
360 1759 437 1819 lacta
465 1757 602 1839 prodest3
629 1757 799 1837 inponenda
825 1775 895 1817 vero
922 1767 993 1817 sunt
1015 1759 1117 1817 tormi-

98 1848 184 1906 nosis
203 1846 331 1926 fatigatis
349 1865 366 1907 a
385 1846 536 1907 stomacho
555 1865 651 1926 usque
671 1846 707 1907 ad
726 1848 848 1925 inguina
866 1854 1018 1924 unguenta
1040 1862 1115 1924 quae

101 1936 233 2014 spissant
256 1945 355 1997 cutem
379 1953 421 2016 ea,
445 1934 554 2015 quibus
576 1937 769 2015 unguentarii
791 1942 927 1996 utuntur.

57 2041 84 2081 so
192 2022 448 2099 Medicamentum,
464 2024 543 2103 quod
555 2043 609 2104 per
624 2043 713 2085 anum
727 2026 850 2085 inicitur
864 2025 1045 2105 torminosis,
1059 2026 1116 2085 sic:
1135 2028 1169 2078 23

101 2111 199 2173 Calcis
211 2113 300 2192 vivae,
314 2112 500 2192 sandaracae,
515 2114 734 2194 auripigmenti,
749 2112 934 2194 singulorum
948 2116 1030 2193 paria
1044 2131 1117 2191 pon·

101 2201 184 2282 dera,
206 2207 346 2261 teruntur
369 2219 428 2261 una
452 2202 549 2262 omnia
568 2220 604 2264 ex
622 2221 700 2281 aqua
718 2202 765 2263 vel
783 2221 820 2263 ex
839 2221 911 2263 suco
931 2201 1117 2282 plantaginis,

101 2289 198 2350 donec
226 2291 342 2368 possint
369 2291 463 2370 coire,
491 2297 565 2351 tunc
591 2290 703 2370 pastilli
730 2292 819 2372 fiunt,
846 2310 915 2353 cum
938 2309 1014 2370 opus
1038 2298 1117 2371 sunt,

101 2385 245 2438 teruntur
277 2386 306 2438 et
337 2380 503 2439 iniciuntur
529 2379 566 2440 ad
594 2382 740 2458 cuiusque
769 2382 861 2460 vires,
893 2387 928 2440 ut
955 2379 1118 2458 plurimum

60 2465 128 2525 reX
153 2464 210 2525 llll
237 2474 288 2527 aut
315 2468 470 2527 minimum
493 2466 519 2526 X
543 2465 569 2527 ll
596 2486 666 2528 cum
688 2467 807 2528 hemina
830 2467 876 2527 vel
899 2475 933 2527 ut
955 2466 1117 2545 plurimum

102 2572 173 2616 cum
202 2555 314 2634 cyathis
342 2553 420 2615 Vllll
447 2574 540 2635 aquae
568 2574 637 2616 cum
665 2558 771 2635 myrtis
801 2555 940 2615 decoctae
970 2554 1017 2614 vel
1050 2572 1118 2615 cum

101 2640 292 2703 rosae'loliis
309 2642 356 2703 vel
374 2643 513 2725 lentisco,
536 2644 753 2705 medicamento
772 2662 843 2704 sane
861 2643 918 2705 hoc
936 2645 982 2703 uti
1000 2649 1119 2721 oportet

101 2749 165 2793 non
187 2732 266 2792 inter
289 2733 373 2792 initia
396 2734 590 2812 torminosos,
619 2732 672 2794 sed
700 2751 768 2793 oum
791 2731 959 2811 malignitas
981 2732 1046 2792 vitii
1069 2749 1118 2809 ap-

101 2821 252 2901 paruerit,
281 2828 311 2881 et
339 2822 365 2881 si
393 2840 453 2881 non
482 2821 585 2883 eodem
613 2822 675 2904 die,
708 2839 766 2900 quo
794 2824 923 2900 primum
951 2819 1118 2900 adhibetur,

61 2926 88 2966 eo
102 2908 267 2988 profuerit,
295 2911 384 2969 etiam
413 2912 550 2989 sequenti
578 2912 644 2971 fieri
670 2909 827 2989 oportebit
874 2909 905 2969 Si
929 2910 996 2988 quis
1019 2917 1119 2970 autem

102 3015 224 3058 morsus
250 2999 476 3079 intestinorum,
505 3017 573 3059 cum
599 3000 757 3060 inmissum
785 3000 843 3060 erit
869 2998 1118 3059 medicamentum

104 3092 157 3146 aut
184 3104 254 3146 cum
281 3087 372 3169 redit,
398 3089 580 3168 insequitur,
608 3088 783 3149 infundatur
809 3090 908 3148 statim
936 3106 991 3167 per
1014 3085 1119 3166 clyste-

103 3176 184 3235 rium
207 3174 365 3236 lenticulae
389 3175 529 3237 decoctae
552 3194 627 3256 aqua
645 3175 692 3237 vel
710 3176 855 3258 lurlures3
879 3175 1032 3237 sedabitur
1050 3192 1119 3234 oon·

196 3326 347 3382 tradices.
438 3326 634 3383 thelonatici.
730 3327 850 3397 soporis]
877 3326 935 3395 opii
958 3326 1118 3381 Oorooriua.

104 3398 327 3453 8vinacearum.
392 3398 634 3453 9denariumrum
652 3400 720 3467 (sio).
787 3402 820 3452 10
839 3396 952 3451 mixtae.
1009 3403 1042 3451 13
1060 3412 1118 3451 cre·

103 3469 195 3539 more]
215 3485 354 3538 opemore.
450 3474 483 3524 15
502 3469 620 3524 ovillum
639 3470 800 3527 cornardus.
898 3472 932 3522 28
951 3466 1119 3523 torminosos

103 3540 217 3610 scripsi:
235 3539 404 3597 torminosis.
477 3546 512 3596 al
530 3556 628 3611 equae.
