2609 4017
495 177 734 242 —343-

103 341 255 402 silvaticae
283 336 367 402 radix
394 334 531 400 similiter
553 341 692 420 imposita
716 361 811 421 aeque
834 342 977 420 prodesse
1000 343 1119 424 dicitur,

102 429 258 510 portulaca
282 447 401 509 quoque
425 431 494 490 trita
514 447 582 489 oum
601 430 719 508 polenta
739 431 872 510 adposita
891 431 1039 492 testiculis
1058 450 1118 492 me·

103 520 208 599 detur3
236 531 273 578 ex
300 520 369 579 fimo
398 516 508 579 bubulo
536 520 622 596 panis
650 519 747 581 factus
775 527 805 581 et
828 527 952 581 exustus
976 522 1006 580 in
1029 520 1117 581 furno

103 615 156 669 aut
183 610 214 668 in
241 608 308 668 loco
336 615 366 668 et
388 614 491 686 postea
514 609 545 666 in
569 608 701 668 cinerem
725 609 865 670 redactus
888 616 1010 669 etcum
1034 616 1118 670 aceto

72 695 243 757 escillitico
273 695 413 756 subactus
438 694 568 774 dumque
591 695 687 756 fervet
708 697 855 758 testiculis
879 697 1031 777 adpositus
1055 715 1117 758 sae·

101 787 232 865 piusque
256 792 388 846 mutatus
411 782 625 864 admirabiliter
650 794 681 850 ct
704 787 802 846 statim
826 785 957 864 prodest.

196 873 325 952 Spongia
348 891 384 933 ex
407 890 496 952 posca
520 871 602 933 acida
626 881 657 934 et
679 873 778 953 tepida
798 873 932 953 adposita
951 877 1051 936 statim
1070 893 1115 936 se·
1137 885 1171 935 17

102 962 187 1024 dabit
210 960 417 1022 testiculorum
440 961 565 1022 dolores.
601 961 700 1040 Adeps
723 961 809 1022 rituli
827 972 857 1023 et
875 965 947 1023 nitri
966 963 1115 1024 modicum
1136 974 1171 1023 te

102 1070 163 1112 una
190 1053 337 1130 permixta
364 1059 394 1110 et
421 1052 516 1110 ceroti
539 1049 627 1110 modo
650 1053 788 1129 imposita
812 1051 958 1112 testiculis
981 1059 1115 1112 tumores

57 1157 88 1197 m
103 1158 210 1201 omnes
230 1148 260 1200 et
279 1138 396 1200 dolores
415 1155 575 1216 persanare
594 1139 744 1199 dicuntur.
776 1139 863 1200 Bulbi
881 1158 918 1199 ex
936 1140 1033 1200 mulso
1052 1142 1117 1201 triti
1138 1151 1171 1200 le

101 1238 193 1308 atque
216 1227 295 1288 inliti
318 1225 486 1288 dolentibus
510 1225 657 1287 testiculis
680 1227 846 1289 medentur.
888 1226 983 1288 Rotae
1009 1229 1117 1289 ramuli
1135 1239 1171 1288 20

102 1319 259 1378 tenerrimi
280 1317 343 1376 triti
358 1324 387 1377 et
401 1314 478 1376 inliti
493 1324 640 1376 tumorem
656 1316 864 1377 testiculorum
879 1319 1012 1396 quamvis
1027 1319 1116 1378 maxi-

101 1421 184 1466 mum
215 1405 327 1465 sedant.
368 1403 474 1464 Farina
502 1403 556 1464 lini
584 1406 706 1465 seminis
734 1423 802 1466 cum
830 1407 927 1466 resina
958 1414 988 1467 et
1018 1424 1116 1486 myrra
1136 1415 1169 1463 21

103 1496 169 1572 pari
191 1493 323 1572 pondere
347 1495 493 1572 permixta
517 1500 547 1552 et
569 1494 707 1570 imposita
731 1493 878 1554 testiculis
903 1493 998 1555 dolori
1017 1513 1050 1554 ac
1069 1503 1115 1555 tu-

60 1598 87 1640 15
103 1585 182 1642 mori
213 1599 317 1643 eorum
350 1580 496 1642 subvenit.
542 1580 687 1642 Testiculi
718 1589 868 1643 tumentes
897 1600 973 1661 aqua
1000 1585 1115 1644 marina
1134 1593 1169 1641 22

101 1669 319 1732 rationabiliter
342 1671 488 1731 foventur.
846 1719 850 1725 .

192 1758 356 1840 llerniosis,
379 1759 533 1818 ramicosis
552 1757 810 1837 hydrocelicisqne
828 1760 963 1838 asparagi
981 1759 1051 1820 duri
1068 1777 1113 1819 ra·
1133 1770 1168 1818 23

102 1849 186 1909 dices
210 1849 336 1908 siccatae
360 1854 390 1907 et
413 1854 554 1907 contusae
578 1855 608 1907 et
631 1845 778 1906 cribratae
797 1865 865 1907 cum
884 1865 978 1926 aquae
996 1846 1115 1908 hemina

64 2017 67 2021 Ι
101 1939 188 2018 potui
211 1939 329 2015 saepius
352 1936 436 1996 datae
460 1934 598 1995 celeriter
624 1933 812 1995 subveniunt.
1024 1931 1029 1938 ’

59 2042 89 2082 eo
193 2023 302 2085 Pilulas
326 2026 460 2102 cupressi
483 2023 593 2083 virides
617 2041 654 2082 ex
676 2025 745 2083 vino
768 2031 868 2084 vetere
888 2024 923 2084 ad
942 2027 1046 2085 tertias
1065 2025 1114 2086 de·
1135 2035 1171 2084 24

103 2132 199 2193 coque
224 2121 254 2173 et
277 2112 398 2193 cyathos
422 2111 508 2172 binos
527 2111 636 2172 cotidie
655 2115 754 2173 ieiuno
775 2112 915 2174 hernioso
934 2116 1020 2193 potui
1038 2113 1115 2195 dato,

102 2210 167 2264 tum
191 2201 259 2262 lolia
284 2200 417 2262 eiusdem
440 2202 510 2261 trita
529 2200 677 2260 testiculis
695 2203 849 2284 imponito,
872 2205 946 2262 mire
965 2203 1115 2284 proderis3

102 2289 251 2351 namhoc
275 2289 440 2350 remedium
464 2288 565 2349 multis
589 2291 801 2367 experimentis
823 2291 981 2368 probatum
1005 2298 1060 2352 est.

191 2378 333 2458 Lapidem
356 2379 503 2456 ignarium
522 2385 681 2438 contusum
700 2380 816 2438 resinae
835 2381 959 2439 mixtum
978 2397 1033 2456 pro
1052 2398 1114 2440 em·
1133 2388 1169 2438 25

60 2483 88 2524 se
102 2468 216 2548 plastro
240 2469 359 2546 impone
383 2467 538 2545 ramicoso,
561 2467 662 2525 statim
686 2466 828 2543 proderit.

193 2555 225 2616 Si
247 2573 341 2634 puero
364 2563 468 2616 tenero
494 2570 594 2613 ramex
623 2553 825 2632 descenderit,
853 2571 989 2614 cerasum
1016 2555 1114 2615 novel·
1133 2565 1169 2614 to

100 2645 160 2705 lam
183 2643 334 2705 radicibus
357 2647 419 2704 suis
439 2650 566 2703 stantem
589 2640 716 2701 mediam
735 2642 847 2720 indito,
872 2644 911 2701 ita
930 2652 963 2702 ut
982 2660 1036 2720 per
1054 2643 1113 2722 pla·

102 2751 171 2812 gam
193 2751 269 2812 puer
292 2734 378 2792 traici
400 2734 504 2811 possit,
527 2749 561 2790 ac
584 2748 690 2790 rursus
712 2723 899 2790 arbusculam
918 2732 1065 2810 coniunge
1085 2739 1115 2792 et

101 2823 172 2881 limo
200 2820 311 2883 bubulo
340 2819 464 2898 aliisque
493 2819 631 2879 lomentis
661 2817 773 2900 obline,
801 2837 860 2898 quo
884 2817 1000 2879 facilius
1023 2821 1055 2880 in
1079 2837 1112 2880 se

58 2927 87 2967 eo
103 2928 178 2989 quae
203 2913 294 2970 scissa
318 2915 388 2969 sunt
411 2915 524 2968 coeant.
558 2905 674 2977 Quanto
694 2916 792 2968 autem
811 2906 939 2968 celerius
957 2907 1114 2970 arbuscula

102 2998 247 3060 coaluerit
275 3006 305 3059 et
333 2999 501 3058 cicatricem
526 2996 657 3075 duxerit,
685 3003 767 3056 tanto
791 2998 881 3057 citius
904 3014 1004 3058 ramex
1027 3000 1115 3077 pueri

12 3081 13 3085 ’
101 3086 264 3148 sanabitur.

191 3174 331 3236 Testibus
350 3175 441 3234 nimie
460 3171 666 3234 crescentibus
685 3175 799 3234 cicutae
818 3173 901 3234 radix
917 3176 987 3233 trita
1002 3182 1031 3234 et
1046 3192 1113 3235 cum
1133 3185 1168 3235 π

102 3267 150 3324 ovi
177 3264 243 3326 albo
271 3265 408 3344 imposita
435 3262 580 3323 medetur.
623 3260 768 3322 Cerussae
790 3262 821 3322 P.
841 3261 867 3343 l,
890 3263 966 3323 turis
989 3261 1114 3323 masculi
1132 3273 1169 3322 28

192 3405 206 3454 'l
227 3397 358 3470 spongia]
378 3397 412 3465 ef.
427 3398 506 3452 Ptin.
520 3415 548 3450 ot.
562 3398 587 3451 le.
603 3402 646 3466 et,
663 3401 722 3450 129.
810 3402 842 3448 13
861 3395 913 3449 lini
931 3395 1058 3468 seminis]
1077 3397 1113 3465 cf.

102 3471 179 3525 Plio.
194 3487 221 3525 oe.
236 3471 262 3524 t.
277 3474 319 3536 20,
335 3473 396 3524 251.
501 3474 534 3523 to
553 3483 627 3536 aqua
645 3465 767 3536 marina]
786 3468 821 3533 cf.
837 3467 913 3522 Ptin.
928 3483 956 3521 n.
970 3469 995 3523 b.
1011 3472 1055 3536 31,
1071 3474 1114 3524 66.

102 3547 137 3596 20
155 3539 259 3610 pilulas
279 3538 417 3611 cupressi]
438 3539 474 3607 cf.
491 3539 598 3604 Pium.
613 3539 638 3592 b.
653 3543 697 3607 24,
712 3543 754 3593 15.
