2609 4017
491 185 735 251 -333-

105 354 138 408 et
160 349 192 408 in
216 348 347 407 cinerem
366 346 484 425 rediges
504 355 535 408 et
553 346 692 408 criblabis
711 356 742 409 et
758 348 828 409 inde
847 349 980 411 cocleare
999 350 1120 429 plenum

105 438 139 496 in
158 453 347 515 quacumque
365 438 486 516 potione
505 435 588 497 dabis
607 438 644 517 ei,
665 439 717 517 qui
737 437 998 500 haemorrhoidum
1016 441 1120 501 nimie·

105 531 167 585 tate
201 531 332 585 vexatur.
382 523 537 586 Ruborum
572 525 711 587 cauliculi
742 528 840 587 teneri
871 527 1040 589 tunduntur
1072 548 1120 589 ex·
1139 542 1173 590 31

104 631 290 693 pressusque
319 631 354 674 er
382 613 430 674 bis
457 632 548 674 sucus
575 616 606 675 in
635 614 814 676 calidissimo
838 614 900 676 sole
922 618 1058 699 ponitur,
1086 626 1120 679 ut

75 719 204 781 susque
228 703 264 762 ad
288 702 516 764 crassitudinem
533 702 630 763 mellis
649 705 823 785 spissescat3
846 704 896 766 hic
913 705 1039 767 haustus
1057 706 1119 766 elii·

105 793 261 852 caeissime
280 790 542 852 haemorrhoidum
561 794 736 870 sanguinem
754 794 841 853 sistit.
875 793 1037 872 Coagulum
1055 813 1119 856 cer·
1138 807 1173 855 32

104 882 207 941 vinum
228 878 417 960 degluttitum
437 882 610 959 sangninem
629 899 665 942 33
683 883 797 942 intimis
817 881 1015 960 profluentem
1035 884 1119 944 facile

105 970 241 1048 stringit3
264 968 342 1029 idem
366 969 437 1030 iacit
460 977 490 1030 et
512 969 670 1048 coagulum
692 969 812 1050 leporis.

196 1057 279 1118 Luna
302 1055 369 1117 Xlii
397 1056 469 1118 bora
493 1056 557 1118 Vlll
582 1065 741 1138 antequam
764 1067 871 1120 exeant
892 1059 938 1121 331
962 1069 1172 1141 erumpentes

60 1164 90 1203 ιο
104 1148 184 1207 mori
207 1145 323 1207 arboris
346 1145 428 1228 lolia,
452 1145 555 1207 oculos
577 1154 641 1208 tres
664 1146 750 1208 tolles
774 1147 875 1226 digitis
897 1148 1067 1209 medicinali
1090 1159 1120 1210 ct

104 1233 214 1313 pollice
241 1253 347 1296 manus
375 1237 515 1296 sinistrae
543 1237 628 1297 etin
652 1234 747 1296 oculis
771 1235 1014 1314 singulisdices:
1047 1237 1121 1298 Absi

105 1323 178 1384 absa
200 1323 336 1405 phereos,
358 1326 519 1404 mittesque
543 1326 573 1384 in
597 1343 721 1386 coccum
740 1324 904 1387 Galaticum
928 1332 958 1385 et
979 1328 1010 1386 in
1029 1327 1119 1407 phoe-

105 1414 186 1473 nicio
209 1411 270 1472 lino
293 1411 494 1492 conchyliatae
513 1431 663 1492 purpurae
683 1412 845 1493 conligabis
869 1422 898 1476 et
916 1414 1011 1476 dices:
1034 1415 1119 1476 Tollo

104 1509 136 1561 te
161 1501 230 1561 hinc
253 1509 354 1583 totam,
377 1501 597 1582 haemorboida,
619 1501 700 1563 absis
718 1501 840 1583 papbaq
859 1510 889 1563 et
907 1503 1021 1564 nudum
1041 1522 1118 1585 eum,

61 1605 90 1646 1⁵
106 1591 157 1651 cui
180 1589 311 1650 remedio
336 1607 410 1670 opus
434 1597 488 1669 est,
510 1591 722 1670 praeligamine
744 1590 795 1650 illo
819 1593 929 1670 cinges.

196 1679 254 1739 Ani
274 1680 342 1739 31113
361 1686 391 1739 31
409 1678 613 1758 condylomata
631 1678 699 1740 felle
716 1696 848 1758 caprano
863 1686 1006 1759 peruncta
1022 1681 1120 1740 sanari
1137 1691 1173 1739 34

106 1769 274 1828 certissime
308 1774 432 1828 constat.
477 1767 662 1828 Malicorinm
689 1786 758 1828 eum
786 1769 854 1828 vino
883 1769 995 1847 optimo
1022 1780 1171 1847 usquead

106 1855 143 1916 ad
168 1855 242 1916 duos
266 1856 386 1936 cyathos
410 1856 565 1917 decoctum
588 1858 761 1935 pariterque
782 1858 945 1917 contritum
964 1864 995 1916 et
1013 1857 1119 1936 malag-

106 1947 195 2005 matis
218 1944 305 2005 modo
328 1947 490 2023 inpositum
514 1952 653 2024 potenter
677 1947 726 2005 ani
748 1944 951 2025 condylomata
969 1953 1118 2024 persanat.

63 2049 92 2090 eo
105 2032 253 2113 Butyrum
281 2041 310 2094 et
338 2033 428 2112 adeps
456 2035 594 2093 anserina
622 2041 651 2094 et
675 2032 773 2094 oleum
795 2052 950 2095 rosaceum
972 2036 1119 2115 permixta
1137 2046 1172 2096 33

104 2121 307 2200 pulcherrime
338 2129 465 2201 prosunt
498 2123 547 2182 331
578 2123 666 2183 vitiis.
713 2122 840 2202 Sanguis
871 2141 1021 2203 caprunus
1050 2135 1172 2187 331337

105 2210 226 2288 polenta
257 2212 405 2289 inpositus
438 2212 486 2270 ani
518 2212 622 2272 vitium
655 2229 742 2272 omne
769 2220 917 2294 persanat.
964 2212 1118 2292 Rhagadas
1136 2224 1171 2273 38

105 2301 206 2359 canini
238 2301 343 2378 capitis
374 2301 435 2359 usti
465 2300 540 2360 cinis
568 2298 728 2380 adspersus
755 2301 889 2380 adiungit
917 2309 947 2361 et
974 2303 1117 2362 stercoris

105 2389 206 2448 canini
224 2386 282 2449 albi
301 2387 445 2467 belaeque
464 2389 540 2448 einis
558 2389 690 2449 insertus
709 2387 845 2449 similiter
859 2389 1031 2468 opitulatur.
1060 2389 1117 2450 iris
1136 2401 1171 2450 39

63 2489 92 2532 33
105 2475 240 2556 illyricae
268 2478 344 2537 einis
372 2495 441 2537 cum
468 2476 554 2536 melle
583 2475 725 2537 subactus
751 2477 865 2537 utiliter
893 2478 1046 2556 inponitur
1069 2479 1119 2537 ani

105 2567 200 2647 vitiis,
230 2567 256 2625 si
278 2567 342 2644 ipsa
367 2567 421 2626 iris
444 2567 476 2625 in
499 2565 587 2625 furno
611 2563 769 2642 diligenter
790 2571 905 2626 uratur.
946 2565 1045 2644 Adeps
1068 2584 1117 2626 an·
1136 2577 1171 2626 40

106 2656 226 2714 serinus
254 2671 322 2714 cum
350 2654 484 2714 eiusdem
511 2651 636 2714 cerebro
660 2660 690 2712 et
713 2670 822 2733 oesypo
845 2660 876 2713 31
898 2653 1026 2713 alumine
1049 2654 1118 2714 sub-

105 2744 199 2821 igitur
218 2749 248 2803 et
265 2744 420 2822 inponitur
439 2743 487 2802 ani
507 2741 645 2802 omnibus
660 2743 767 2802 causis¹
796 2741 906 2802 Carnes
920 2760 957 2802 ex
970 2741 1118 2820 capitibus
1136 2754 1170 2803 41

105 2830 252 2910 mugilum
280 2833 341 2891 sive
369 2830 529 2892 mullorum
556 2829 695 2891 decoctae
724 2838 755 2892 et
777 2849 845 2891 curn
868 2828 955 2891 melle
979 2829 1118 2893 subactae

64 2935 91 2976 eo
106 2926 196 2999 atque
215 2922 360 2998 inpositae
375 2921 485 2981 vitiatis
499 2921 563 2980 anis
577 2919 738 2999 plurimum
753 2927 889 2999 prosunt.
915 2918 1021 2980 Oleum
1033 2928 1117 2982 vetus
1136 2932 1171 2982 42

105 3016 137 3069 et
159 3010 258 3086 picem
281 3015 310 3069 et
332 3007 473 3088 pollinem
496 3009 642 3069 triticeam
667 3010 800 3088 decoque
824 3016 855 3070 et
873 3027 928 3069 ano
947 3004 1116 3070 exulcerato

105 3097 206 3158 calens
223 3097 408 3158 medicamen
426 3099 543 3176 inpone.
576 3096 670 3158 Radix
688 3096 757 3158 ruhi
770 3100 801 3159 in
816 3100 884 3158 vino
898 3116 993 3176 usque
1008 3098 1044 3158 ad
1059 3105 1116 3158 ter·
1136 3109 1170 3159 43

104 3187 162 3246 1133
186 3189 325 3266 coquitur
349 3204 443 3265 eoque
467 3187 534 3245 vino
557 3186 1118 3248 331311133111133311313313333133.

196 3344 212 3393 5
231 3340 335 3394 333133.
435 3343 451 3391 6
470 3337 691 3394 aemorhoidum.
794 3345 810 3393 6
829 3338 992 3408 quegnhm,
1010 3339 1074 3393 item
1093 3344 1117 3392 8.

108 3415 140 3464 12
160 3407 191 3463 in
209 3411 336 3481 coccum]
355 3409 506 3465 incoctum.
582 3409 715 3481 phinioio.
796 3416 830 3463 13
848 3408 1035 3464 conchiliatae
1053 3427 1118 3479 pur·

106 3497 201 3548 potae.
276 3487 309 3534 14
326 3483 418 3535 totam
436 3481 548 3552 scripsi:
569 3482 638 3536 tote.
713 3485 747 3535 16
765 3479 973 3550 condylomate,
992 3480 1056 3536 1133
1075 3486 1117 3535 19.

106 3556 141 3606 37
159 3552 277 3622 oesypo]
295 3554 411 3622 hysopo.

1162 3738 1265 3898 Γ
