2609 4017
571 171 812 237 „254-

129 352 163 403 85
271 337 456 418 Ungularum
475 354 657 416 aprunarum
675 344 848 396 exustarum
867 336 941 395 cinis
955 337 1070 414 potioni
1083 337 1202 415 insper-

129 442 163 492 86
184 446 235 489 000
257 427 421 508 plurimum
444 428 548 488 urinae
567 424 758 486 difficultates
776 426 866 485 iuvat.
897 424 1023 503 Leporis
1039 424 1202 486 cerebrum

183 520 215 579 10
239 519 307 578 vino
337 515 450 578 utiliter
473 515 588 576 bibitur
611 516 736 593 eiusque
759 512 891 575 testiculi
913 516 1015 575 tostati
1037 513 1202 575 salubriter

130 620 163 670 81
183 606 401 668 manducantur
424 603 460 665 ab
484 623 529 686 eo,
553 606 605 683 001
628 605 759 664 vessicae
782 602 928 663 molestiis
946 602 1067 663 laborat.
1104 604 1200 663 Anse·

182 714 250 757 rum
268 693 450 755 silvestrium
468 693 587 773 linguae
606 700 719 753 assatae
734 691 896 752 efficaciter
910 700 1071 753 sumuntur
1084 694 1117 752 in
1131 692 1199 753 cibo
1213 709 1229 749 5

129 797 163 847 88
183 802 200 845 a
223 781 387 845 calculosis.
425 781 540 863 Cymini
565 815 604 826 -
625 780 647 863 l,
670 789 755 842 rutae
774 813 817 823 -
835 779 858 861 l,
879 783 993 861 piperis
1015 782 1200 842 semunciam

183 881 263 933 teres
287 870 445 951 diligenter
468 879 498 933 et
521 870 655 933 cocleare
678 870 800 949 plenum
822 872 855 930 in
878 871 955 930 meri
975 872 1085 931 veteris
1103 873 1199 949 potio

183 979 252 1022 nem
280 963 381 1023 mittes
409 970 440 1022 et
462 978 555 1041 aquae
584 959 664 1039 quod
688 959 817 1020 sufficiat
839 958 963 1039 adicies3
991 966 1095 1038 postea
1117 960 1200 1019 ferro

184 1050 322 1112 candenti
352 1051 471 1129 saepius
497 1052 629 1111 inmerso
658 1047 813 1109 calefacies
844 1056 875 1108 et
905 1050 1007 1109 ieiuno
1035 1047 1200 1110 bibendum

129 1152 163 1202 89
182 1138 276 1221 dabis,
295 1140 500 1201 efficacissime
519 1137 678 1199 subvenies
698 1138 867 1216 strangurio
881 1136 1036 1199 laboranti
1069 1136 1201 1217 Spongia
1217 1154 1244 1193 10

183 1248 220 1289 ex
251 1228 328 1289 rubo
361 1230 475 1289 rosario
504 1229 615 1307 agresti
644 1233 762 1305 sumpta
790 1235 820 1287 01
847 1243 922 1306 0000
950 1226 1071 1307 frigida,
1104 1226 1200 1288 donec

181 1317 341 1398 madescat,
360 1324 507 1377 macerata
526 1335 560 1377 ac
579 1315 687 1377 deinde
705 1318 776 1377 trita
795 1321 881 1375 etex
899 1332 974 1395 0000
989 1333 1046 1393 per
1063 1315 1200 1377 triduum

129 1408 267 1485 8000101
294 1406 362 1468 data
390 1406 553 1466 efficaciter
580 1404 746 1467 calculosos
769 1404 914 1465 emendat.
958 1403 1055 1465 Piscis
1078 1407 1199 1483 scorpio

128 1508 161 1556 91
182 1502 298 1556 assatus
316 1497 348 1555 in
367 1494 434 1556 cibo
454 1501 591 1574 sumptus
610 1495 722 1573 optime
741 1491 889 1554 calculoso
907 1492 1039 1572 prodest
1073 1493 1199 1555 Coeleae

181 1586 299 1665 inanes,
326 1584 357 1645 id
384 1592 430 1645 est
458 1586 522 1645 0100
551 1601 639 1644 carne
669 1600 737 1663 sua,
768 1584 906 1643 inventae
933 1590 1075 1643 contusae
1109 1592 1141 1644 et
1168 1586 1199 1644 in
1216 1599 1242 1638 1⁵

182 1674 335 1753 pulverem
358 1675 569 1734 tenuissimum
590 1672 728 1733 redactae
747 1673 778 1731 10
796 1673 917 1750 potione
936 1670 1094 1733 calculosis
1112 1673 1200 1734 datae

129 1774 163 1822 91
183 1763 349 1824 medentur.
391 1761 524 1841 Ungulae
554 1762 680 1841 equinae
709 1759 829 1821 scobem
851 1760 899 1820 vel
921 1768 1042 1821 exustae
1066 1764 1200 1823 cinerem

128 1862 162 1911 93
183 1853 210 1911 si
232 1851 400 1913 calculosus
422 1854 454 1911 in
477 1853 629 1931 potionem
648 1851 806 1930 acceperit,
825 1851 885 1909 cito
904 1848 1066 1911 sanabitur.
1098 1850 1200 1911 Herba

182 1941 340 2020 saxifraga,
370 1942 396 2001 si
419 1958 455 2000 ex
479 1939 543 1999 oleo
568 1948 598 2000 et
621 1938 783 2018 liquamine
805 1938 1016 2019 manducetur,
1043 1941 1123 1999 intra
1147 1944 1200 2001 tri-

181 2028 273 2088 duum
297 2027 426 2089 calculos
450 2028 599 2089 dissolvet.
1214 2043 1244 2082 2⁰

127 2128 162 2177 94
271 2114 432 2177 Calculosis
452 2124 593 2195 expertus
613 2115 749 2177 adfirmat
766 2114 983 2177 incredibiliter
999 2119 1139 2178 succurri
1153 2136 1200 2178 re-

180 2204 279 2265 medio
302 2204 362 2287 tali,
386 2207 412 2265 si
434 2205 561 2287 hircum,
584 2204 691 2266 melius
714 2206 740 2265 si
764 2211 921 2286 agrestem,
944 2204 1051 2266 melius
1070 2208 1097 2265 si
1114 2209 1201 2267 anni-

181 2291 282 2354 culum
310 2302 340 2354 et
369 2296 394 2355 si
421 2312 523 2357 mense
551 2295 685 2373 Augusto
714 2292 835 2354 claudas
861 2293 928 2354 loco
955 2296 1035 2355 sicco
1063 2312 1120 2373 per
1145 2297 1201 2356 tri·

180 2382 286 2464 duum,
314 2390 349 2444 ut
376 2385 404 2445 ei
432 2383 509 2446 solas
536 2382 637 2445 laurus
662 2382 792 2443 edendas
815 2382 1026 2444 subministres
1049 2394 1080 2443 et
1103 2402 1200 2463 aquae

180 2471 253 2533 nihil
280 2474 418 2555 accipiat3
446 2473 482 2534 ad
510 2480 696 2553 postremum
718 2472 809 2531 tertio
833 2471 894 2549 die,
921 2472 953 2532 id
976 2479 1096 2533 estant
1119 2472 1244 2534 lovis2⁵

180 2570 231 2623 aut
255 2561 342 2645 Solis,
365 2563 491 2624 occidas.
523 2560 630 2622 Melius
654 2567 754 2621 autem
777 2561 843 2635 erit,
867 2562 894 2620 si
916 2569 1017 2622 castus
1040 2580 1200 2641 purusque

182 2652 272 2712 luerit
299 2659 330 2713 01
359 2654 411 2732 001
439 2650 547 2712 occidit
570 2658 600 2711 01
624 2651 676 2729 001
698 2650 825 2727 accipiet
847 2650 1021 2711 remedium.
1067 2649 1199 2713 Exsecto

180 2742 271 2819 igitur
300 2748 422 2820 gutture
451 2742 516 2801 eius
545 2740 665 2817 sanguis
693 2739 855 2819 excipitur3
888 2738 1004 2819 utilius,
1033 2741 1060 2799 si
1086 2739 1125 2799 ab
1153 2742 1200 2801 iu·

179 2828 313 2889 vestibus
340 2831 442 2909 pueris
470 2829 649 2908 excipiatur3
678 2826 865 2888 comburitur
893 2829 925 2888 in
947 2846 1016 2888 vaso
1039 2827 1126 2890 fictili
1147 2848 1199 2890 us-

181 2934 238 2995 000
258 2916 294 2976 ad
314 2918 454 2978 cinerem.
489 2915 546 2977 Vas
565 2924 673 2997 autem,
695 2917 804 2994 inquo
824 2915 997 2992 torrebitur,
1022 2926 1199 2997 coopertum
1212 2929 1241 2969 ω

181 3015 210 3064 01
236 3003 354 3065 10111001
382 3022 474 3085 gypso
502 3007 534 3066 in
564 3005 685 3066 furnum
714 3006 864 3084 mittetur3
891 3005 970 3083 quod
993 3024 1063 3066 oum
1086 3024 1198 3086 vapore

180 3095 336 3174 exemeris,
358 3095 389 3154 in
412 3092 565 3173 pulverem
589 3101 727 3155 conteres
749 3110 867 3154 necnon
891 3101 921 3154 et
944 3094 1085 3174 polypum
1108 3099 1199 3157 mari·

180 3201 251 3244 num
284 3182 459 3264 identidem,
491 3190 525 3244 ut
553 3181 625 3265 diri,
660 3191 798 3244 exustum
827 3184 859 3243 10
886 3182 1040 3261 pulverem
1067 3185 1298 3263 redigent

269 3335 596 3394 21010013010000
648 3340 681 3389 10
700 3336 860 3405 0110ος01110
879 3334 1037 3393 0010100108
1093 3338 1198 3407 sphon-

180 3406 697 3476 010012111111010110000
715 3408 781 3461 odd
800 3412 864 3462 ante
881 3407 1012 3463 inventae
1032 3407 1196 3466 Censorius.

181 3482 214 3531 18
234 3478 396 3535 calculosos
493 3484 527 3533 20
547 3477 683 3532 dissolvet
700 3478 813 3558 scripsi,-
832 3478 963 3533 aesolvel.
1058 3478 1197 3534 11101111-

179 3546 285 3603 mirlat.
358 3548 581 3617 sanguiculum.
655 3552 687 3600 31
708 3547 808 3616 vapori
828 3548 987 3605 Carnarius.

51 3677 194 3852 ‘t

194 3868 196 3961 l
