2609 4017
585 189 824 255 -326-

197 359 289 437 veris;
317 355 374 416 hoc
402 355 491 415 etlam
517 355 615 431 aegris
643 354 707 413 sine
737 351 909 414 difficultate
938 352 1102 432 succurrit3
1132 353 1208 411 sanis
1281 406 1282 425 2

199 446 301 508 eadem
325 462 401 524 aqua
424 461 493 505 cum
516 441 644 523 condito,
668 444 695 503 si
717 444 758 503 ita
780 440 892 521 malint,
915 442 1026 519 optime
1050 440 1147 502 datur.

146 547 180 597 62
288 534 332 595 Ad
352 531 470 594 cholera
489 531 687 611 reprimenda.
713 530 850 592 Puleium
867 529 1145 590 commanducatum
1162 547 1206 590 su·

199 642 254 703 per
273 621 446 685 umbilicum
464 622 628 700 inpositum
646 618 867 699 obligatumque
887 621 1073 698 supprimere
1093 617 1205 680 cholera

199 721 230 774 et
257 712 481 790 intempestivos
509 715 539 769 et
567 711 725 771 continuos
748 710 877 770 vomitus
903 709 980 768 mim
1008 714 1133 769 constat.
1177 707 1226 768 Sis

199 800 235 862 de
263 798 383 861 cholera
410 806 509 860 autem
536 806 618 860 tanta
647 798 806 859 concitatio
834 799 962 858 vomitus
990 804 1051 876 ost,
1083 802 1117 857 ut
1143 814 1205 858 con·

198 890 289 950 tineri
312 907 371 949 non
394 889 503 967 possit5
531 886 686 967 hedyosmi
712 895 764 948 aut
790 903 898 948 erucae
920 884 1053 946 ramulos
1076 893 1138 946 tres
1159 896 1206 946 aut

199 984 340 1057 quattuor
358 996 426 1039 cum
445 976 514 1038 mali
532 977 647 1055 granati
665 994 737 1037 suco
752 977 898 1036 contritos
912 973 1116 1035 absorbendos
1134 974 1205 1055 dato,

144 1080 177 1128 63
197 1068 338 1127 continuo
358 1065 519 1128 sedabitur.
553 1065 659 1127 Vinum
679 1072 826 1144 myrteum
844 1063 1025 1124 sorbendum
1045 1063 1124 1144 dato,
1143 1081 1205 1142 pro·

196 1158 278 1217 tinus
302 1156 445 1216 vomitum
468 1155 651 1236 conprimes3
674 1153 752 1215 lauri
771 1152 860 1214 bacas
879 1152 992 1232 aliquot
1011 1153 1156 1213 contritas
1171 1168 1237 1213 exo

196 1247 265 1306 vino
292 1246 378 1324 potui
405 1244 487 1305 datas
514 1261 692 1304 succurrere
715 1242 835 1304 cholera
859 1240 1062 1303 laborantibus
1085 1249 1205 1302 constat

143 1336 178 1384 64
195 1332 347 1394 Mororum
376 1332 412 1392 de
441 1331 526 1393 rubis
554 1350 646 1393 sucus
674 1339 780 1411 epotus
808 1332 970 1393 efficaciter
996 1330 1121 1409 prodest
1143 1329 1206 1391 cho·
1284 1322 1285 1347 ¹

196 1421 268 1482 leris
291 1420 629 1502 reprimendis;·oaules
654 1429 798 1500 quantum
821 1423 949 1482 maiores
972 1419 1100 1480 discocti
1122 1429 1153 1480 et
1173 1438 1206 1480 ex

143 1513 177 1562 66
196 1518 279 1571 aceto
312 1512 423 1589 sumpti
451 1509 587 1571 similiter
614 1510 780 1571 medentur.
827 1509 963 1589 Cydonea
990 1507 1067 1569 bene
1095 1515 1205 1569 matura

196 1617 257 1660 non
281 1607 364 1660 cocta
386 1601 418 1659 io
442 1598 508 1659 cibo
532 1605 652 1679 accepta
677 1598 813 1659 similiter
833 1604 974 1678 prosunt3
998 1597 1087 1659 bacae
1107 1598 1205 1659 itidem
1217 1609 1237 1651 1⁵

196 1688 311 1767 agrifoli
335 1690 422 1748 tritae
446 1706 514 1748 cum
538 1690 605 1747 vino
629 1688 714 1767 potui
737 1687 821 1748 datae
844 1689 904 1748 cito
931 1686 1121 1748 subveniunt.

143 1779 176 1829 66
284 1775 329 1837 Ad
362 1775 460 1837 alvum
492 1775 696 1837 concitandam
728 1778 829 1837 aizooo
859 1774 966 1856 herba,
998 1794 1073 1855 quae
1106 1774 1207 1837 Latine

196 1864 302 1927 sedum
320 1864 494 1946 appellatur,
513 1883 549 1925 ex
568 1865 635 1925 vino
655 1866 783 1926 contrita
802 1872 930 1943 potaque
946 1863 1109 1942 plurimum
1123 1865 1207 1944 prod·

144 1956 177 2005 67
197 1962 251 2015 est.
293 1953 409 2014 Herbae
438 1955 602 2015 vettonicae
629 1956 661 2014 in
689 1952 793 2014 umbra
822 1953 967 2014 arefactae
992 1951 1060 2014 lolia
1084 1961 1206 2015 contusa

196 2050 226 2101 et
253 2044 284 2101 in
314 2041 466 2119 pulverem
495 2044 614 2103 redacta
641 2042 678 2103 ad
701 2043 818 2121 pondus
841 2043 1032 2103 denariorum
1055 2044 1150 2103 trium
1172 2056 1238 2103 exn

194 2129 375 2209 hydromelis
394 2129 506 2209 cyathis
523 2129 599 2190 Vllll
619 2130 746 2192 bibenda
764 2149 818 2210 per
836 2131 969 2193 triduum
988 2131 1056 2191 data
1074 2140 1206 2192 ventrem

143 2222 176 2270 68
196 2220 259 2278 sine
278 2217 414 2279 molestia
428 2220 568 2279 continuo
583 2227 712 2280 movent.
737 2219 890 2280 Brassicae
904 2221 1083 2281 tenerrimae
1098 2223 1206 2282 contri·
1287 2224 1288 2245 ³

194 2314 242 2367 tae
262 2324 366 2368 sucum
386 2325 560 2386 expressum
579 2310 606 2368 si
625 2310 692 2388 quis
714 2309 751 2368 ad
775 2326 827 2369 sex
850 2307 1014 2389 cotylarnm
1035 2327 1206 2371 mensuram

195 2395 318 2457 adiectis
346 2398 407 2457 vini
434 2395 547 2475 cyathis
575 2396 672 2457 tribus
699 2399 818 2458 ieiunus
842 2396 965 2477 biberit,
989 2400 1030 2458 ita
1053 2406 1089 2459 ut
1111 2398 1206 2476 pridie

195 2502 255 2545 non
287 2495 374 2547 cenet
406 2493 436 2546 et
468 2485 542 2546 bene
573 2485 707 2564 digestus
738 2488 792 2564 sit,
825 2486 950 2547 mirifice
982 2505 1016 2547 ac
1048 2488 1115 2547 sine
1147 2486 1238 2548 unco

141 2577 175 2626 69
195 2575 291 2635 taedio
311 2574 374 2635 alvo
394 2577 539 2636 concitata
558 2573 743 2654 purgabitur.
776 2574 961 2637 Orbicularis
980 2574 1098 2656 herbae,
1119 2593 1206 2655 quam

195 2661 306 2724 Graece
334 2662 517 2742 cyclaminon
545 2670 665 2745 vocant,
696 2665 722 2724 si
750 2666 817 2743 quis
845 2682 987 2743 expresso
1015 2683 1089 2726 suco
1118 2683 1205 2727 anum

194 2754 377 2832 perunxerit,
401 2753 475 2812 mira
498 2752 649 2813 celeritate
673 2754 844 2830 experietur
867 2752 923 2814 alvi
946 2752 1135 2815 solutionem.

142 2841 175 2891 ⁷0
283 2838 321 2900 Ut
339 2843 515 2919 purgatione
535 2842 646 2902 ventris
665 2841 795 2902 relevato
814 2859 939 2920 corpore
954 2841 1116 2903 salubriter
1130 2851 1204 2904 aeta·

193 2936 253 2988 tem
277 2945 359 3007 agas,
382 2928 479 2990 alvum
502 2929 558 2990 hoc
581 2948 691 3009 genere
714 2929 888 2991 concitahis.
928 2930 1052 2991 Gladioli
1075 2931 1237 2993 redicens

193 3014 378 3094 longitudine
402 3033 435 3078 ac
458 3017 644 3097 plenitudine
668 3019 753 3097 digiti
773 3018 897 3099 pollicis,
922 3021 948 3080 si
966 3019 1093 3080 feminae
1112 3038 1205 3080 reme

193 3105 276 3166 dium
300 3104 429 3166 dandum
453 3108 523 3187 erit,
552 3109 577 3168 si
600 3109 678 3188 viro,
701 3107 736 3168 ad
761 3107 989 3168 crassitudinem
1011 3107 1143 3170 duorum
1165 3109 1205 3171 di·

192 3195 322 3272 gitorum
356 3202 386 3256 et
417 3194 632 3274 longitudinem
661 3198 750 3257 unius
780 3196 864 3257 dahis
892 3196 1027 3257 derasam
1058 3207 1090 3258 et
1117 3197 1205 3259 lotam

193 3286 409 3364 contritamque
431 3283 629 3345 valentissime
649 3285 773 3346 adiectis
792 3302 884 3365 aquae
905 3285 1018 3365 cyathis
1036 3284 1091 3346 llll
1109 3297 1162 3349 aut
1175 3285 1204 3368 V,

281 3494 297 3542 2
317 3489 431 3545 condito
450 3495 497 3544 im
517 3489 695 3545 condimento
714 3497 775 3548 2m.
845 3497 877 3546 11
898 3491 1017 3548 cholere.
1089 3498 1122 3548 1⁷
1142 3510 1204 3550 eon·

188 3556 336 3613 citandam
355 3565 404 3615 zm
422 3560 619 3615 concitandum
636 3565 698 3619 2m.
771 3568 804 3616 2³
824 3561 981 3619 cotilnrum.
