2609 4017
939 75 996 111 &a

508 152 790 252 ⁵-54-

127 348 242 429 lapilli
266 351 443 429 nigrescant,
467 352 604 427 protinus
627 350 804 414 inlinuntur.
848 348 955 429 llerba,
979 368 1054 429 quae
1078 349 1192 411 Graece

176 447 255 519 arto,
283 437 386 503 Latine
416 438 549 518 ebulum,
582 438 692 499 Gallice
720 439 830 500 odocos
857 438 980 519 dicittu,
1013 440 1192 517 cxprImitur

175 530 264 596 etiam
289 545 359 593 cum
382 528 444 587 suis
468 530 567 605 granis
591 530 716 607 eiusque
734 546 807 588 suco
830 527 940 588 cotidie
963 527 1047 587 inlito
1071 529 1191 606 pectine

124 628 157 677 14
175 618 283 696 crines,
306 618 357 694 qui
372 616 524 676 inficiendi
538 625 616 697 sunt,
631 616 845 696 perducuntur.
878 616 1039 677 Pomorum
1053 616 1090 676 de
1106 634 1190 677 moro

176 706 419 767 maturrimorum
446 738 490 755 -.—
509 704 558 784 lll,
586 708 702 767 acaciae
730 704 761 765 P.
784 705 811 785 l,
843 708 955 766 caricas
987 724 1113 765 numero
1137 704 1217 765 Vlla

176 801 286 872 quanto
316 795 463 872 nigriores
490 796 602 872 pariter
629 793 794 854 macerabis
821 793 942 854 caelesti
970 812 1044 873 aqua
1078 796 1111 853 in
1143 813 1189 854 ra·
1295 812 1296 833 ¹

175 879 258 941 sculo
286 899 373 942 aereo
401 882 501 943 clauso
529 892 618 961 atque
646 882 715 943 inde
744 882 865 962 capillos
886 900 1004 960 semper
1026 882 1136 943 inlices
1158 891 1190 943 et
1295 838 1297 915 1

174 968 309 1051 fricabis3
342 970 394 1031 scd
428 990 503 1049 quae
536 972 752 1051 superfuerint,
785 974 816 1031 in
844 972 947 1032 codem
976 970 1094 1031 vasculo
1122 990 1189 1049 per·
1295 986 1296 1037 4

122 1067 155 1119 15
174 1069 326 1140 maneant,
359 1060 554 1121 diuturnitate
583 1062 662 1121 enirn
692 1060 858 1121 efficaciora
890 1069 968 1121 sunt.
1015 1060 1189 1139 conpositio
1295 1050 1296 1093 ³

173 1149 277 1209 ellicax
305 1148 341 1209 ad
370 1147 491 1226 capillos
516 1148 691 1209 inficiendas
721 1158 752 1209 et
778 1148 996 1209 confirmandos
1024 1156 1055 1208 ct
1081 1150 1230 1227 specie1o
1295 1144 1296 1193 l

174 1237 339 1316 augendos:
380 1237 563 1315 Fenogracci
587 1239 758 1316 sextarium,
781 1237 834 1297 lini
858 1239 979 1297 seminis
1002 1236 1186 1318 tantundem,

174 1326 279 1387 calami
302 1328 456 1387 aromatici
479 1326 509 1386 P.
529 1326 550 1406 l,
574 1326 697 1387 schoeni
719 1325 750 1386 P.
770 1326 791 1405 l,
815 1327 911 1386 casiae
934 1325 965 1385 P.
979 1325 1002 1406 l,
1023 1326 1114 1404 gallae
1132 1328 1186 1387 tri·

174 1413 302 1475 chitidos
327 1414 357 1473 P.
381 1414 402 1493 l,
426 1413 522 1478 ladani
549 1446 585 1457 -
607 1414 657 1496 lll,
680 1416 758 1474 roris
782 1415 904 1478 coriarii
923 1413 954 1475 P.
970 1414 991 1493 l,
1013 1432 1107 1493 aquae
1130 1413 1184 1474 flu-

172 1501 256 1563 vialis
280 1499 450 1583 txv11113
480 1504 577 1563 omnia
604 1502 678 1564 hacc
702 1506 733 1564 in
757 1521 850 1564 unum
875 1521 924 1563 vas
948 1506 1047 1563 mittes
1070 1513 1100 1562 ct
1123 1502 1183 1563 die·

172 1587 228 1653 bus
258 1589 308 1654 XL
341 1590 398 1651 sub
426 1591 493 1652 divo
525 1592 656 1670 positum
688 1591 806 1652 iubebis
838 1592 947 1652 cotidie
977 1610 1031 1671 per
1057 1609 1185 1670 puerum
1201 1608 1228 1648 11

171 1682 317 1759 virginem
340 1683 529 1761 commoveri,
552 1682 591 1741 ita
616 1688 659 1762 ut,
683 1684 709 1741 si
732 1680 850 1760 quaudo
869 1699 945 1759 puer
964 1683 1027 1759 ipse
1047 1680 1184 1761 deluerit,

171 1771 307 1849 signetur
330 1788 428 1850 neque
451 1789 468 1830 a
489 1788 638 1849 quoquam
661 1772 720 1830 nisi
744 1788 760 1830 a
784 1788 877 1849 puero
902 1769 959 1829 alio
982 1770 1095 1847 virgine
1115 1788 1185 1829 con-

171 1860 311 1936 tingatur.
356 1858 462 1919 Postea
501 1860 646 1919 recondes
685 1858 843 1937 diligenter
881 1866 911 1918 et
944 1857 1000 1918 sub
1033 1856 1185 1936 signaculo
1295 1896 1296 1929 2

171 1946 279 2007 habeto
303 1956 333 2007 et
356 1946 464 2009 cotidie
487 1965 562 2026 aqua
582 1947 684 2007 eadem
705 1957 793 2027 caput
811 1950 912 2008 inrora
931 1954 961 2007 et
980 1948 1097 2025 pectine
1115 1946 1185 2007 inde

120 2044 152 2094 16
171 2034 336 2096 madefacto
364 2042 453 2113 caput
478 2043 572 2115 pecte.
618 2036 662 2095 dd
690 2035 827 2115 dogmata
854 2036 891 2097 de
918 2038 1015 2114 capite
1043 2044 1074 2095 et
1096 2054 1183 2114 aqua-
1199 2053 1227 2092 ao

171 2122 261 2184 liculo
294 2123 480 2185 deducenda:
514 2122 620 2185 Scillae
651 2123 758 2185 libram
787 2144 875 2186 unam
904 2126 935 2187 in
963 2142 1056 2203 aquae
1085 2121 1116 2185 St
1144 2123 1185 2185 lll

171 2211 300 2272 infusam
327 2230 438 2291 coques
463 2212 498 2272 ad
522 2214 639 2292 tertias,
667 2223 770 2291 postea
796 2215 873 2275 aceti
896 2215 999 2292 optimi
1023 2215 1185 2274 sextarium

171 2301 281 2361 adicias
305 2309 335 2361 ct
359 2300 488 2361 tamdiu
508 2303 616 2361 iterum
635 2301 725 2362 simul
743 2306 841 2362 omnia
861 2320 1019 2383 excoquas,
1042 2301 1184 2381 quamdiu
1295 2347 1296 2350 ,

172 2389 207 2450 ad
231 2391 393 2451 sextarium
416 2389 576 2470 perducas,
605 2398 671 2450 tum
693 2390 805 2451 colabis
828 2399 858 2450 et
881 2390 991 2451 adicies
1015 2390 1109 2451 mellis
1133 2408 1185 2468 op·

172 2480 237 2539 timi
254 2478 285 2539 P.
300 2477 334 2539 ll.
372 2477 484 2540 lterum
508 2480 605 2539 omnia
629 2477 718 2539 simul
740 2486 800 2539 tam
824 2479 875 2539 diu
899 2498 1019 2559 coques,
1043 2478 1184 2558 quamdiu
1198 2493 1226 2535 xo

120 2576 153 2627 17
173 2568 208 2629 ad
237 2566 333 2629 mellis
361 2567 590 2628 crassitudinem
617 2570 745 2635 veniant.
791 2566 962 2647 Conpositio
990 2567 1122 2646 pulveris
1147 2567 1183 2627 ad

171 2676 274 2718 reuma
301 2659 395 2718 totius
423 2658 571 2736 corporis,
596 2656 647 2717 scd
676 2659 801 2717 maxime
824 2656 860 2716 ad
886 2658 991 2735 capitis
1014 2674 1131 2716 necnon
1153 2664 1185 2715 et

171 2746 207 2806 ad
231 2746 440 2824 perfrictiones
464 2752 494 2805 ct
517 2747 746 2806 constrictioues
765 2744 881 2805 cerebri
900 2744 1102 2805 resolvendas:
1125 2743 1184 2804 Eu-

171 2832 250 2894 forbi
267 2866 312 2875 —
325 2834 361 2915 ll,
380 2835 546 2911 piperis-
564 2831 627 2911 llll,
646 2831 788 2894 bacarum
806 2833 882 2893 lauri
901 2835 1048 2893 siccarum
1062 2832 1184 2913 -llll,

172 2922 301 2981 samsuci
318 2953 354 2962 -
373 2920 407 3000 ll,
427 2928 604 2980 centaureae
619 2952 662 2962 —
677 2920 726 2999 lll,
744 2920 930 2982 aristolociae
944 2921 1048 3000 longao
1065 2955 1104 2963 -
1120 2919 1184 3003 llll,
1198 2936 1225 2976 ao

169 3010 225 3069 iris
248 3007 381 3086 illyricae
407 3041 445 3051 —
466 3007 533 3088 llll,
558 3025 675 3086 myrrae
698 3042 739 3051 —
759 3009 822 3091 llll,
848 3010 971 3071 bidellae
997 3042 1036 3053 -
1057 3010 1120 3091 llll,
1145 3012 1185 3071 ci·

172 3096 255 3158 cidae
278 3095 394 3176 -1111,
418 3097 578 3175 styptcriac
603 3097 730 3158 schistos
754 3098 875 3179 -llll,
898 3101 971 3159 nitri
994 3098 1186 3161 Alexandrini

172 3183 321 3245 combusti
344 3191 374 3243 et
398 3185 464 3244 vino
488 3191 588 3245 vetere
613 3188 736 3247 extincti
759 3221 801 3230 —
821 3186 888 3268 llll,
916 3188 986 3248 salis
1009 3190 1185 3248 ammoniaci

175 3306 213 3327 -.
232 3272 292 3334 llll.
316 3271 396 3333 Haec
415 3274 513 3335 omnia
532 3275 750 3357 contundenda,
769 3276 876 3337 deinde
895 3276 1053 3337 cribranda
1069 3284 1100 3337 et
1117 3294 1185 3356 per-

244 3412 257 3460 1
275 3406 436 3477 nigrisoanl.
493 3413 508 3462 1
524 3408 600 3481 aete]
616 3410 795 3466 chamaeacte
806 3410 968 3467 Omnorius.
1008 3417 1040 3466 12
1056 3409 1184 3482 schoeni]

172 3476 249 3532 acini.
305 3478 464 3534 trichitidos
482 3481 597 3549 scripsi.-
614 3481 759 3536 trichidos.
815 3489 848 3537 17
862 3482 1009 3553 virginem.
1064 3482 1186 3536 1011011-

171 3550 258 3603 mata.
330 3554 364 3613 aa
384 3565 551 3621 exquoques.
625 3552 782 3607 adveniat.
