2609 4017
494 174 733 239 -251-

195 339 287 399 Radix
313 338 446 416 asparagi
469 338 540 397 trita
564 347 593 397 et
617 356 652 397 ex
674 340 740 398 vino
760 342 842 416 potui
862 340 929 399 data
948 339 1116 402 lumborum
1137 354 1171 403 26

91 439 131 488 et
154 446 296 489 coxarum
316 425 410 487 dolori
430 427 504 486 mire
523 426 668 487 medetur.
699 426 803 487 Nuclei
822 427 1041 506 amygdalarum
1055 431 1120 490 triti
1138 442 1172 491 2⁵1

93 536 139 577 ex
171 523 255 577 aceto
284 517 345 593 poti
372 513 482 575 lumbis
509 514 676 575 medentur.
718 514 908 576 Nasturcium
932 534 1001 577 cnm
1024 517 1119 577 larina
1138 530 1172 579 28

94 607 286 685 permixtum
310 612 339 663 et
363 622 397 663 ex
422 611 505 664 aceto
529 602 623 663 calido
647 602 757 663 lumbis
780 604 930 684 medetur,
958 606 984 664 si
1007 607 1118 684 inposi-

60 704 170 755 otnm
200 694 299 753 fuerit,
341 690 465 752 Gladioli
493 691 577 752 radix
606 700 730 752 contusa
759 711 827 752 cum
853 691 976 771 sulpure
999 694 1064 754 vivo
1088 702 1119 755 et
1137 706 1171 757 29

94 783 191 862 adipe
216 782 318 842 ursina
341 780 450 840 lumbis
473 782 600 859 inposita
624 779 786 859 plurimum
809 781 939 859 prodest.

193 869 369 930 Remedium
389 869 558 929 coxendicis
577 870 686 929 mirum
702 868 738 928 de
754 871 957 947 experimento
977 872 1034 931 sic:
1054 870 1118 931 Mu·
1137 884 1172 933 3ο

94 959 228 1020 soerdae
248 976 352 1018 novem
371 959 458 1017 tritae
478 975 513 1017 ex
533 960 594 1017 vini
614 959 766 1036 quartario
787 976 879 1036 super
900 958 1053 1019 scabillum
1072 959 1118 1019 vel

95 1048 206 1109 sellam
230 1045 376 1107 laboranti
398 1048 482 1125 potui
506 1045 622 1125 dantur,
646 1049 687 1106 ita
707 1057 740 1107 ut
758 1047 833 1125 pede
852 1064 912 1106 uno
932 1065 1020 1125 quem
1039 1048 1119 1108 dolet

49 1154 79 1194 ro
95 1147 187 1197 stans
215 1136 251 1196 ad
279 1137 423 1195 orientem
448 1152 552 1194 versus
575 1137 727 1213 potionem
750 1134 831 1195 bibat
855 1144 976 1195 etcum
1001 1135 1118 1209 biberit,

96 1226 182 1286 saltu
213 1222 330 1284 desiliat
357 1231 387 1284 et
415 1230 462 1283 tex
490 1241 550 1283 uno
578 1224 653 1302 pede
683 1222 767 1284 saliat
794 1232 883 1303 atque
909 1224 966 1284 hoc
989 1242 1043 1304 per
1067 1226 1118 1285 tri-

95 1314 198 1375 duum
221 1312 317 1393 iaciat,
339 1311 495 1372 confestim
520 1312 651 1372 remedio
675 1311 880 1391 gratulabitur.

194 1400 334 1479 Malagma
363 1402 492 1460 sciaticis
519 1402 628 1460 mirum
659 1403 716 1461 sic:
754 1400 884 1461 Storaois
910 1434 947 1443 -
975 1401 1015 1480 ΙΙ,
1042 1403 1117 1481 picis
1136 1413 1170 1462 31

97 1490 131 1549 P.
154 1490 190 1568 li,
214 1506 299 1550 cerae
322 1489 355 1549 P.
373 1489 395 1568 Ι,
418 1496 519 1567 guttae
542 1492 743 1549 ammoniacae
770 1522 806 1533 -
829 1488 875 1569 Vl,
901 1492 1018 1549 resinae
1042 1498 1117 1549 tere·

54 1597 82 1638 rs
99 1578 259 1639 bintlrinae
281 1610 318 1621 -
336 1577 382 1653 Vl,
401 1576 518 1655 galbani
540 1610 577 1621 -
594 1576 629 1658 ii,
648 1595 772 1637 mannae
792 1580 868 1637 turis
884 1611 925 1619 —
941 1575 975 1637 ll.
1013 1576 1118 1638 Omnia

99 1686 181 1747 quae
201 1666 352 1728 tundenda
371 1674 441 1726 sunt
459 1667 490 1725 in
509 1666 663 1746 pulverem
682 1666 798 1743 rediges
817 1674 847 1725 et
866 1664 1044 1725 admiscebis
1062 1665 1118 1746 his,

99 1774 181 1835 quac
204 1757 267 1834 igni
289 1754 466 1815 remittenda
490 1763 569 1835 sunt,
593 1762 623 1814 et
646 1753 776 1832 desuper
795 1756 872 1814 aceti
891 1763 1036 1833 quantum
1058 1753 1118 1815 sul·

98 1846 184 1905 ficiat
207 1844 436 1922 medicamento,
460 1842 530 1902 dum
554 1844 740 1922 excoquitur,
764 1844 873 1923 mittes,
897 1851 1018 1903 etcum
1042 1861 1117 1923 opus

99 1934 203 2013 luerit,
226 1932 320 1993 calido
344 1932 447 1992 uteris.

54 2042 82 2081 ao
193 2021 236 2080 Ad
263 2023 394 2081 nesciam
418 2019 583 2080 remedium
607 2020 751 2080 dictatum
774 2038 790 2078 a
815 2019 896 2079 lusto
920 2020 1035 2081 medico
1059 2022 1116 2081 sic:
1135 2030 1170 2080 33

98 2109 233 2171 Herbam
256 2110 448 2188 argimoniam
472 2117 502 2168 et
526 2107 647 2168 herbam
671 2108 828 2169 verbenam
855 2119 885 2169 et
903 2108 1065 2187 lapathiom
1087 2118 1118 2169 et

98 2198 263 2277 bugillouis
282 2198 412 2259 radicem
432 2198 535 2275 aequis
554 2197 742 2275 portionibus
757 2196 804 2257 vel
819 2197 1002 2275 ponderibus
1017 2200 1116 2259 mittes

98 2291 133 2348 in
152 2286 247 2366 ‘pilam
270 2294 300 2348 et
319 2286 427 2347 tondes
446 2294 476 2345 et
495 2303 563 2345 oum
582 2294 688 2346 tunsae
707 2286 783 2346 bene
804 2285 924 2366 luerint,
947 2285 1038 2347 addes
1057 2288 1117 2347 vini

100 2376 222 2437 candidi
249 2373 280 2436 θ
299 2374 339 2436 ΙΙΙ
367 2382 397 2434 et
426 2372 562 2433 manibus
591 2374 716 2452 agitabis
742 2376 897 2453 cumipse
922 2375 989 2434 vino
1013 2374 1117 2434 diutis-

58 2467 188 2545 zosime,
212 2473 312 2543 postea
338 2464 435 2523 omnia
460 2463 559 2522 mittes
583 2463 614 2521 in
635 2461 760 2521 linteum
779 2463 909 2540 spissum
927 2470 957 2521 et
977 2480 1116 2540 expressa

102 2552 216 2614 colabis
239 2560 327 2631 atque
350 2551 407 2631 hie,
431 2568 505 2630 quae
529 2549 623 2610 colata
646 2550 767 2630 luerint,
791 2548 921 2627 desuper
944 2549 1034 2609 addes
1057 2551 1118 2609 vini

102 2640 320 2721 aliquantulum
343 2648 374 2700 et
392 2640 504 2718 piperis
522 2656 613 2716 grana
632 2639 754 2715 triginta
773 2640 855 2716 trita3
874 2636 1063 2715 postmodum
1082 2655 1118 2697 ex

103 2732 161 2790 boc
184 2730 379 2790 medicamine
403 2730 588 2807 quartarium
609 2726 785 2787 calefactum
803 2727 903 2786 ieiuno
922 2724 1069 2785 laboranti
1087 2727 1117 2786 in

103 2817 220 2899 balneo,
243 2818 313 2878 dum
336 2818 367 2878 in
391 2815 464 2877 solio
488 2823 542 2894 est,
566 2833 619 2893 per
643 2815 777 2876 triduum
800 2814 884 2875 dabis
908 2812 1078 2875 bibendum.

61 2926 88 2966 ao
194 2904 237 2967 Ad
258 2907 387 2966 nesciam
407 2904 563 2985 physicum
582 2904 760 2965 remedium:
779 2903 951 2964 Testudinis
965 2905 1117 2983 aquaticae
1136 2914 1170 2963 33

104 3015 174 3056 crus
203 2994 341 3074 praecide
370 3002 400 3053 et
428 2992 584 3072 phoenicio
612 2992 778 3053 involutum
806 3011 843 3052 ex
871 3011 904 3053 ea
933 3000 1030 3072 parte,
1060 3012 1117 3073 qua

104 3087 173 3163 quis
197 3086 327 3144 nesciam
350 3083 471 3161 patitur,
495 3080 618 3160 adpone,
641 3090 780 3159 potenter
802 3081 1022 3142 remediabitur.

195 3172 244 3232 Git
268 3178 411 3249 quantum
435 3168 532 3230 tribus
556 3169 657 3248 digitis
680 3169 743 3230 tolli
767 3178 865 3247 potest
888 3177 1040 3246 sumptum
1066 3172 1117 3228 tri·
1136 3178 1172 3228 34

105 3270 229 3340 tumque
258 3270 288 3320 ct
314 3262 394 3337 passi
421 3258 535 3337 cyathis
559 3258 677 3319 duobus
700 3275 854 3336 aspersum
878 3256 1001 3317 adiectis
1024 3274 1117 3334 aquae

195 3394 443 3463 aamigdalerum.
494 3393 610 3447 sacen.
666 3392 855 3446 4medentur.
911 3391 1118 3446 lmnscardoe.

108 3472 139 3521 12
159 3466 323 3521 remedium.
411 3470 442 3519 13
463 3462 600 3520 mesticis.
688 3461 834 3517 storachis.
916 3466 949 3515 21
969 3460 1118 3531 lapacium.

107 3544 141 3593 30
159 3536 301 3607 phynieio.
374 3540 409 3589 34
427 3533 563 3591 adiectae.
