2609 4017
572 129 812 193 -112-

182 303 213 354 et
240 294 396 355 formatam
424 293 546 373 pilulam
573 293 733 353 rotundam
756 292 879 352 naribus
902 294 1031 374 inseres;
1057 291 1197 352 omnibns

130 391 164 441 68
183 387 262 444 vitiis
285 391 426 463 purgatas
451 400 538 443 nares
556 384 616 442 cito
634 382 672 442 ad
691 383 848 442 sanitatem
866 380 1021 461 perduces.
1054 380 1198 460 Polypum

183 473 320 533 emendat
338 471 430 532 hecha
449 471 672 553 proserpinalis,
692 489 766 550 quae
781 470 893 531 Graece
912 471 1114 550 draconteum,
1130 469 1196 530 Gal·

182 562 239 623 lice
262 564 383 640 gigarus
405 560 579 640 appellatur,
602 559 648 620 vel
672 562 699 619 si
721 578 812 620 sucus
835 562 900 620 eius
921 559 1044 620 naribus
1062 559 1197 619 infunda-

183 662 234 711 tur
256 651 301 710 vel
329 652 356 710 si
382 668 513 729 papyrus
540 649 610 710 inde
632 649 742 709 infecta
767 656 797 708 et
820 648 941 727 specillo
964 648 1094 708 involuta
1119 649 1222 708 uari-s

183 737 240 799 bus
258 741 410 799 inseratur
427 747 458 799 et
476 747 594 818 postera
614 738 662 798 die
682 738 835 798 educatur.
873 736 984 798 Omnes
1002 740 1082 797 enim
1101 735 1198 796 morbi

130 833 164 883 66
183 827 299 888 radices
323 828 439 889 extrahi
456 831 522 888 eius
540 830 701 888 iniectione
720 827 910 887 manifestum
929 833 984 886 est
1019 825 1114 886 Nares
1133 843 1197 903 gra·

184 919 259 978 viter
286 917 401 978 olentes
429 917 566 978 emendat
593 935 684 976 sucus
711 915 839 976 hederae
871 916 1043 994 frequenter
1069 915 1196 974 infusae.

131 1013 165 1062 60
184 1004 276 1066 Cuius
299 1025 387 1066 nares
410 1004 558 1084 fetehuut,
586 1003 813 1085 remediahitur,
842 1006 869 1063 si
895 1022 983 1064 nares
1011 1004 1084 1064 muli
1112 1021 1196 1064 oscu-

183 1094 277 1176 letur3
300 1094 438 1155 similiter
461 1094 595 1172 proderit
613 1092 741 1172 miriieri,
765 1095 791 1152 si
809 1110 897 1153 nares
915 1092 1011 1153 mulae
1031 1092 1234 1152 basiarerit.1o

131 1190 163 1237 61
184 1182 243 1253 Qui
265 1182 405 1262 polypum
429 1185 550 1262 patitur,
573 1181 722 1242 brassicae
747 1184 891 1242 erraticae
913 1182 1041 1242 radicem
1062 1189 1197 1242 conterat

183 1282 214 1331 et
241 1274 307 1332 eius
334 1291 440 1333 sucum
468 1271 590 1331 adsidue
619 1270 742 1331 naribus
771 1281 914 1350 quantum
944 1272 1076 1349 potuerit
1099 1271 1197 1349 ducat,

130 1365 164 1413 62
183 1361 261 1420 iutra
288 1360 422 1421 triduum
449 1359 671 1420 remediahitur.
714 1359 826 1420 Sucum
854 1359 981 1420 hederae
1009 1369 1039 1419 et
1062 1358 1197 1420 aristolo-

183 1451 257 1508 ciam
282 1460 312 1509 et
335 1467 476 1528 cyperum
496 1458 527 1510 et
545 1449 723 1510 draconteae
743 1467 843 1509 semen
863 1457 892 1509 et
911 1448 1074 1509 melilotum
1094 1449 1197 1526 aequis

183 1539 332 1598 mensuris
352 1546 472 1599 contere
493 1557 526 1598 ac
546 1537 669 1598 naribus
686 1537 823 1618 iufuude3
846 1555 905 1617 quo
925 1538 1002 1598 facto
1021 1557 1081 1598 uon
1100 1537 1197 1597 solum
1210 1553 1234 1593 aa

129 1632 162 1680 63
182 1627 321 1707 fetorem,
350 1628 401 1688 sed
430 1630 520 1688 etiam
549 1645 705 1688 cancroma
729 1628 846 1686 uarium
869 1625 996 1686 cnrahis.
1035 1626 1113 1686 Naso
1133 1644 1197 1704 gra·

181 1717 259 1776 viter
282 1675 380 1777 olente
399 1735 490 1777 sucus
508 1716 637 1776 hederae
657 1715 830 1793 frequenter
848 1715 1025 1793 infunditur,
1044 1716 1197 1776 dracontei

183 1823 302 1883 quoque
327 1823 419 1865 sucus
442 1823 511 1865 cum
534 1804 620 1864 melle
644 1804 767 1884 inditur,
790 1823 865 1882 quae
888 1822 939 1864 res
958 1807 1045 1865 etiam
1064 1807 1196 1865 carcino-

129 1898 163 1948 64
182 1902 259 1952 mata
287 1896 423 1972 extirpet
469 1892 559 1953 Ficus
587 1895 676 1953 etiam
706 1903 822 1954 veteres
850 1895 994 1954 contritae
1024 1902 1055 1954 et
1082 1895 1113 1953 in
1141 1892 1196 1953 olia

183 1999 252 2040 cum
275 1999 364 2059 posca
387 1988 489 2041 coctae
513 1981 635 2042 naribus
659 1983 853 2063 instipantur3
878 1981 935 2042 hoc
959 1985 1056 2043 omnia
1080 1984 1233 2042 nariumao

130 2076 163 2125 66
183 2071 252 2128 vitia
276 2070 422 2130 emendat
468 2069 543 2130 Ruta
567 2089 603 2130 ex
627 2079 711 2131 aceto
735 2073 797 2131 acri
819 2073 986 2131 conteritur
1011 2079 1100 2150 atque
1127 2071 1196 2130 inde

182 2158 303 2235 pinnula
322 2160 515 2240 intinguitur3
538 2178 571 2219 ea
591 2163 623 2219 iu
640 2177 728 2220 nares
751 2161 886 2220 coniecta
910 2162 1083 2238 sanguinem
1103 2159 1195 2219 fluen-

130 2254 242 2306 666616
266 2247 427 2307 efficaciter
449 2247 577 2309 cohibet.
614 2248 738 2322 Stercus
759 2250 858 2309 asinae
878 2249 994 2309 aridum
1013 2249 1134 2309 naribus
1153 2252 1196 2307 iu-

138 2367 141 2375 ·
183 2335 303 2395 frictum
331 2339 505 2415 sauguinem
534 2340 599 2397 siue
626 2339 846 2398 intermissione
874 2337 1016 2398 fluentem
1044 2339 1104 2397 cito
1127 2354 1194 2396 cou-

130 2433 163 2481 st
183 2427 287 2503 pescit.
333 2424 457 2486 Stercus
484 2425 661 2486 caballinum
690 2429 880 2504 exprimitur,
908 2427 978 2487 dum
1007 2443 1112 2486 recens
1140 2436 1233 2498 estes

183 2515 306 2593 eiusque
340 2533 431 2576 sucus
457 2516 580 2576 uarihns
609 2514 737 2575 trahitur
770 2513 806 2574 ab
839 2534 886 2596 eo,
924 2517 973 2575 cui
1005 2517 1195 2593 inportunius

129 2610 164 2659 66
183 2601 287 2664 fluunt.
334 2603 473 2664 Radicem
497 2603 659 2683 symphyti,
690 2603 769 2682 quod
798 2603 876 2665 alum
905 2603 1048 2664 Gallicum
1076 2604 1194 2682 dicitur,

130 2700 163 2748 66
183 2692 410 2753 commanducet
434 2700 464 2752 et
486 2692 591 2770 glutiat
615 2694 667 2771 qui
686 2691 830 2771 profluvio
855 2694 971 2752 narium
994 2692 1117 2752 laborat.
1151 2691 1193 2751 ad

87 2813 92 2820 ·
182 2798 284 2840 aurem
313 2780 446 2840 eiusdem
473 2783 579 2859 partis,
610 2780 647 2839 de
676 2799 732 2857 qua
761 2799 815 2858 per
843 2800 943 2842 narem
972 2785 1093 2860 sanguis
1121 2780 1194 2860 fluit,

183 2867 242 2927 dici
265 2877 383 2946 oportet
406 2878 451 2928 ter
475 2871 577 2928 novies
601 2886 751 2946 σοκσοκαμ
773 2887 903 2947 συκυμα;
928 2873 1016 2930 etiam
1035 2880 1138 2948 postea
1157 2871 1194 2928 si·
1208 2887 1232 2925 so

130 2965 163 3014 70
182 2956 293 3015 militer
315 2957 405 3017 dices.
451 2955 571 3016 Scrihes
598 2958 628 3015 in
658 2957 759 3017 charta
782 2961 895 3035 virgine
919 2970 949 3020 et
972 2959 1047 3019 coilo
1072 2976 1194 3036 suspen·

182 3044 235 3105 des
259 3044 319 3104 lino
343 3045 411 3104 rudi
434 3043 556 3121 ligatum
581 3044 676 3105 tribus
700 3045 786 3105 nodis
812 3050 852 3128 ei,
880 3050 932 3125 qui
959 3047 1105 3126 profluvio
1129 3065 1193 3106 san-

130 3142 163 3192 ’11
182 3135 281 3211 guinis
294 3132 421 3194 laborat:
439 3146 872 3212 ψαψεψηψεψηψαψε.
894 3135 925 3196 Si
940 3138 970 3196 iu
985 3155 1075 3197 manu
1090 3136 1193 3196 dextra

253 3291 270 3338 4
294 3285 318 3340 si
340 3303 391 3342 om.
415 3293 478 3342 cote
501 3304 590 3342 sucus.
683 3293 699 3341 6
725 3287 844 3356 spiciflo
936 3296 969 3344 13
993 3288 1191 3345 aristolocium

184 3363 217 3411 19
235 3357 371 3439 extirpet]
390 3358 515 3427 exurpei.
597 3359 684 3412 ollam
703 3374 765 3412 com
784 3374 879 3426 posce.
959 3367 994 3415 22
1013 3359 1167 3429 intinguitu
1150 3360 1192 3431 ur]

182 3427 331 3554 prpfiplipppn
395 3435 429 3484 27
453 3427 631 3484 bulculh'cum
657 3431 717 3500 (sic)
738 3445 791 3496 pro
815 3429 891 3483 alum
911 3429 982 3486 Gall
1063 3439 1097 3486 31
1117 3431 1192 3485 dicis.

74 3596 152 3633 ΑΙ
