2609 4017
602 203 798 265 „2-

156 382 173 431 4
192 366 327 425 cessione
342 382 428 443 opem
443 366 641 424 necessariam
655 366 899 444 curationemque
914 366 1086 445 praestabit.
1112 366 1205 427 Cuius

193 455 334 515 scientiae
353 452 497 513 beneficia
511 454 575 513 vice
594 460 697 514 mutua
716 455 847 514 caritatis
866 454 1011 514 humanae
1029 473 1098 516 cum
1112 457 1205 516 omni-

191 543 247 605 bus
271 542 406 621 infirmis,
430 543 541 621 amicis,
564 544 644 601 notis
669 544 846 623 ignotisque,
870 544 960 603 immo
979 562 1049 603 vero
1068 562 1137 604 cum
1155 544 1205 605 ad·

191 633 274 693 venis
296 632 390 709 magis
414 638 444 690 et
467 630 658 709 pauperculis
681 634 901 692 communicare
925 632 1053 713 debetis,
1082 634 1151 711 qnia
1174 641 1205 693 et

192 720 247 781 deo
267 722 417 799 acceptior
432 727 462 779 et
475 719 589 779 homini
603 719 779 781 laudabilior
792 720 1005 800 misericordia,
1025 739 1100 801 quae
1116 740 1203 801 aegro
1218 742 1232 782 ⁵

155 824 172 874 5
190 809 302 887 hospiti
321 826 355 868 ac
375 810 533 887 peregrino
549 826 702 887 egenaque
717 808 860 869 defertur.
889 808 995 869 Moneo
1011 828 1090 890 sane,
1105 812 1131 869 si
1146 829 1204 889 qua

191 898 303 959 luerint
321 897 451 975 paranda
469 896 673 977 medicamina,
693 915 730 957 ne
744 897 856 977 absque
871 899 986 959 medico
1005 908 1057 959 aut
1074 900 1205 960 incurio-

191 988 254 1047 sius
282 993 488 1064 conponantur
516 994 567 1046 aut
593 985 786 1065 indiligenter
812 986 986 1048 habeantur.
1032 986 1106 1047 Nam
1134 988 1205 1049 licet

191 1076 388 1137 attentissime
412 1076 527 1153 species
551 1082 581 1135 et
604 1093 760 1135 mensuras
783 1078 952 1154 specierum
977 1076 1116 1137 remediis
1140 1078 1204 1155 qui·

190 1164 307 1243 busque
326 1163 512 1243 adscripsero
533 1171 563 1223 et
581 1166 715 1242 ipsarum
734 1182 943 1226 mensurarum
964 1173 1050 1226 notas
1068 1164 1113 1225 vel
1131 1182 1203 1243 pon·
1218 1186 1247 1225 10

191 1253 295 1314 derum
320 1252 476 1331 qualitates
500 1252 664 1313 secundum
688 1252 830 1313 Graecam
853 1253 1043 1315 traditionem
1064 1262 1095 1315 et
1113 1254 1203 1314 medi·

191 1360 296 1403 corum
318 1349 452 1402 veterum
477 1340 724 1402 consuetudinem
754 1360 888 1403 seorsum
912 1342 1010 1403 libello
1034 1342 1104 1403 huic
1126 1344 1204 1401 inse·

191 1448 280 1492 rnero
304 1437 335 1489 et
356 1448 415 1489 non
439 1430 535 1490 solum
558 1430 698 1512 Romana,
721 1430 772 1491 sed
798 1433 887 1492 etiam
910 1431 996 1491 Graia
1020 1432 1204 1509 expositione

191 1520 353 1599 digessero,
377 1527 475 1579 tamen
495 1537 511 1579 e
530 1537 563 1579 re
583 1527 637 1600 est,
654 1527 688 1581 ut
705 1520 779 1581 haec
799 1520 901 1581 eadem
920 1538 990 1581 cum
1010 1519 1204 1598 peritioribus

191 1609 383 1670 conferantur
407 1625 440 1668 ac
465 1610 583 1686 saepius
606 1616 808 1669 retractentur
830 1617 862 1670 et
884 1627 958 1689 quae
983 1607 1117 1669 conlecta
1140 1607 1203 1667 iue-
1218 1627 1245 1668 15

190 1700 252 1758 rint
275 1696 320 1757 vel
344 1704 445 1775 parata
469 1696 662 1758 medicamina
686 1697 742 1759 sub
761 1697 921 1777 signaculis
940 1714 1059 1775 semper
1076 1695 1203 1756 habean-

190 1796 254 1866 tur,
278 1804 316 1846 ne
339 1792 390 1846 aut
414 1804 501 1847 casus
524 1786 636 1847 incidat
660 1795 711 1847 aut
734 1786 900 1865 malignitas
924 1786 1049 1846 alicuius
1072 1785 1204 1865 obrepat,

192 1893 267 1954 quae
295 1873 433 1935 benivole
457 1882 487 1934 et
510 1876 626 1936 sincere
650 1883 752 1954 parata
776 1883 956 1955 corrumpat,
981 1877 1078 1953 sitque
1102 1874 1138 1934 de
1158 1892 1203 1933 re·

191 1963 288 2025 medio
316 1980 463 2023 venenum
496 1973 526 2023 et
556 1964 592 2025 de
623 1963 797 2024 salubritate
827 1965 977 2043 pernicies
1007 1964 1204 2042 culpeturque

156 2053 351 2133 omedicina,
383 2070 451 2113 cum
488 2054 621 2132 peccarit
657 2054 780 2113 incuria.
830 2052 864 2112 ln
897 2070 1011 2112 summa
1049 2069 1097 2111 me
1129 2051 1204 2111 haec
1218 2070 1244 2109 ao

191 2141 319 2219 benigne
341 2158 461 2219 parasse
481 2148 511 2202 et
529 2149 628 2202 tamen
647 2159 739 2220 super
756 2141 804 2200 his
823 2143 974 2201 monuisse
994 2139 1131 2218 sufficiet,
1152 2157 1204 2199 vos

190 2229 314 2310 perinde
343 2231 462 2290 sanitati
489 2240 605 2291 vestrae
633 2238 722 2308 atque
751 2232 884 2308 opinioni
910 2247 994 2289 meae
1017 2227 1204 2289 consuluisse

192 2320 356 2380 conveniet.
384 2317 535 2397 Epistulas
550 2337 669 2397 quoque
684 2336 797 2393 eorum,
817 2336 944 2397 quorum
959 2316 1091 2378 studium
1105 2334 1204 2377 aemu-

191 2408 283 2468 latum
307 2425 353 2467 me
378 2425 443 2467 esse
471 2410 591 2487 scripsi,
618 2406 689 2467 huic
713 2409 810 2487 operi,
837 2425 876 2466 ne
904 2406 976 2486 quid
1000 2405 1130 2486 deesset,
1154 2404 1204 2466 ad·

191 2498 262 2579 ieci,
286 2514 411 2576 quarum
435 2496 522 2556 lectio
547 2503 577 2555 et
599 2497 725 2556 incitare
749 2513 801 2555 vos
824 2495 860 2555 ad
883 2497 1081 2556 necessariam
1105 2496 1204 2573 cogni·
1220 2513 1245 2553 so

157 2604 171 2653 't
191 2588 303 2647 tionem
327 2594 356 2647 et
379 2586 529 2645 instruere
548 2586 659 2663 poterit
678 2584 714 2645 ad
733 2584 868 2648 salutem.
905 2583 1066 2645 Versiculis
1086 2602 1205 2663 quoquc

190 2675 317 2736 lusimus
335 2676 509 2753 migmatum
524 2681 554 2733 et
572 2675 740 2752 specierum
760 2674 925 2753 digestione
944 2675 1125 2754 compositis,
1144 2690 1205 2731 non

192 2761 271 2842 quod
295 2764 334 2821 sit
357 2762 477 2840 dignum
497 2761 608 2840 aliquid
627 2764 658 2822 in
677 2764 818 2846 carmine,
837 2762 889 2823 sed
908 2770 942 2823 ut
960 2763 1102 2823 lectorem
1121 2779 1204 2821 scru-

191 2859 377 2927 tatoremque
404 2849 494 2909 huius
523 2852 622 2927 operis
650 2858 680 2910 et
707 2869 811 2929 poema
839 2851 969 2930 pelliciat
998 2860 1028 2911 et
1055 2851 1204 2929 exoptatio

191 2938 298 3000 blanda
326 2935 472 2998 conciliet.
514 2937 599 3009 Quod
628 2939 804 3017 opusculum
833 2942 864 3001 in
886 2941 986 3002 infima
1009 2946 1093 3018 parte
1115 2939 1205 2999 huius
1219 2958 1247 2997 ao

193 3027 304 3088 codicis
332 3025 485 3109 collocavi,
514 3035 544 3087 et
570 3035 604 3088 nt
632 3045 769 3089 sermone
797 3037 901 3090 nostro
929 3047 1019 3108 opera
1045 3028 1119 3088 haec
1147 3027 1204 3087 sol·

192 3115 278 3176 lertia
302 3122 403 3175 nostra
427 3118 589 3195 composita
613 3115 789 3178 claudantur
808 3126 838 3179 et
858 3136 951 3197 nugas
970 3124 1087 3178 nostras
1105 3116 1204 3176 multi-

192 3204 261 3284 plex
285 3203 422 3264 foliorum
446 3204 523 3267 celet
546 3205 690 3267 obiectus.

592 3434 804 3443 -—.——·
