2609 4017
584 183 821 248 -380-

195 347 265 408 dnm
287 349 404 427 teritur,
427 345 698 424 supermittendnm
718 346 974 425 medicamentum,
997 345 1078 424 quod
1097 347 1130 406 in
1149 364 1212 406 am·

195 435 275 515 pulla
304 445 362 516 est,
394 439 435 497 ita
463 444 498 496 ut
524 434 559 494 ad
589 435 765 495 densitatem
797 433 1015 512 cataplasmatis
1045 434 1213 515 redigatur,

196 525 328 586 addenda
345 534 376 586 et
389 525 447 584 olei
462 525 540 584 rosei
554 523 700 584 coclearia
714 523 787 604 duo,
806 525 850 584 sic
863 522 1067 583 inducendum
1080 524 1211 584 medica-

196 623 329 675 mentum
352 616 384 673 in
408 613 499 672 linteo
519 620 549 672 et
567 612 776 691 adponendum
794 612 868 672 locis
887 610 1067 672 dolentibus.
1099 611 1211 693 Super-

195 704 293 782 posito
322 720 391 763 vero
420 701 511 761 linteo
536 700 654 761 salubre
678 719 744 761 esse
767 707 872 761 arrctor
897 700 1022 760 remedii
1045 700 1137 761 huius
1160 702 1238 762 ad-s

196 791 302 871 firmat,
327 792 353 850 si
376 788 422 850 vel
445 791 509 868 ipsa
532 790 607 871 lana,
631 807 707 868 quae
730 807 870 868 expressa
888 795 943 868 est,
967 787 1013 848 vel
1032 789 1090 849 alia
1108 791 1211 851 sucida

196 896 286 957 snpra
310 877 486 957 cataplasma
508 878 565 938 hoc
589 888 717 957 ponatur
739 886 770 938 et
791 878 897 938 leviter
919 876 1078 955 obligetur.

143 983 177 1034 aa
286 967 438 1028 Confectio
466 966 631 1047 emplastri,
659 967 738 1046 quod
766 985 818 1027 rex
846 965 1034 1026 Ptolomaeus
1061 969 1212 1028 invenisse

19 1062 48 1086 “
197 1056 316 1136 dicitur,
339 1057 448 1134 accipit
470 1055 558 1116 haec:
583 1055 651 1116 Sevi
674 1057 785 1116 taurini
808 1057 926 1115 remissi
949 1053 1099 1134 colatique
1123 1064 1211 1136 atque

197 1146 229 1205 in
251 1144 384 1224 pastillos
408 1147 503 1206 coacti
521 1144 552 1204 P.
573 1143 603 1224 V,
626 1146 744 1205 resinae
763 1144 855 1204 frixae
874 1143 905 1205 P.
924 1141 956 1222 V,
980 1143 1130 1205 medullae
1150 1163 1211 1206 cer-
1223 1161 1249 1200 1o

197 1236 282 1295 rinae
300 1266 345 1277 -
359 1232 405 1311 Vl,
429 1235 494 1294 suci
516 1241 633 1293 mentae
655 1232 745 1312 -ll,
769 1235 834 1293 suci
853 1233 1009 1292 mentastri
1030 1265 1068 1276 —
1086 1232 1125 1314 11,
1149 1235 1213 1294 suci

197 1321 320 1382 feniculi
345 1321 440 1402 -ll,
464 1323 529 1382 suci
552 1321 697 1381 marrubii
714 1355 759 1364 —
776 1320 813 1401 ll,
836 1322 901 1381 suci
924 1320 1096 1400 hyoscyami
1118 1321 1213 1403 -ll,

198 1412 265 1470 suci
291 1410 469 1489 plantaginis
496 1412 617 1471 maioris
644 1443 682 1453 -
704 1408 742 1488 ll,
766 1411 830 1470 suci
852 1409 1023 1488 lapathi-
1043 1408 1083 1491 ll,
1107 1429 1213 1490 specu-

198 1498 269 1559 laris
293 1501 371 1560 cocti
394 1506 424 1559 et
447 1516 536 1577 quam
560 1500 759 1559 minutissime
782 1500 847 1558 triti
864 1496 895 1558 P.
914 1496 935 1558 l.
971 1497 1088 1568 Quibus
1110 1501 1144 1560 in
1169 1518 1213 1559 or·

198 1587 297 1648 dinem
320 1588 503 1666 praeparatis
527 1605 629 1647 serum
653 1595 683 1647 et
705 1585 833 1647 medulla
857 1586 937 1647 lento
959 1588 1022 1665 igni
1039 1589 1072 1647 in
1092 1588 1248 1649 vasculum

197 1694 289 1736 aeneo
312 1679 517 1756 remittentur,
541 1685 603 1736 tum
628 1678 727 1736 resina
745 1677 926 1736 comminuta
945 1683 1034 1754 atque
1052 1678 1125 1736 trita
1148 1695 1213 1738 seu·

197 1767 303 1824 simin
323 1783 426 1825 serum
445 1767 682 1846 supermittunt,
702 1772 735 1824 ut
753 1762 843 1824 simul
857 1763 1014 1842 liquefacta
1028 1766 1212 1843 permiscere

197 1871 229 1913 se
257 1855 388 1933 possint;
421 1853 528 1913 deinde
558 1855 589 1913 in
617 1855 793 1913 mortarium
826 1870 1024 1912 marmoreum
1052 1853 1213 1931 diligenter

197 1941 292 2002 colata
311 1941 513 2021 mutabuntur,
533 1959 608 2020 quae
627 1941 725 2002 adhuc
743 1943 875 2020 tepentia
895 1941 1122 2019 diligentissime
1143 1960 1211 2003 con-

196 2037 341 2090 terentur.
378 2029 459 2100 Quae
483 2049 550 2091 cum
575 2030 696 2090 densari
719 2032 881 2111 coeperint,
903 2029 974 2090 dum
998 2029 1096 2091 adhuc
1114 2031 1209 2092 calida
1223 2045 1246 2084 n

197 2125 299 2197 erunt,
327 2119 366 2177 ita
390 2125 424 2178 ut
447 2118 527 2178 calor
550 2120 695 2179 sustineri
716 2117 853 2179 manibus
876 2120 983 2198 possit,
1006 2137 1097 2179 sucos
1120 2138 1211 2199 supra

198 2208 377 2283 scriptarum
400 2204 560 2266 herbarum
585 2207 785 2284 superfundes
805 2209 964 2267 etiterum
984 2206 1210 2284 diligentissime

197 2302 276 2355 teres
300 2302 330 2354 et
352 2295 527 2372 prinsquam
550 2296 671 2372 penitus
694 2295 810 2356 desinat
833 2294 923 2375 calor,
947 2304 1156 2373 praeparatum
1173 2296 1210 2356 de

198 2381 345 2462 speculari
372 2381 525 2462 pulverem
553 2386 663 2443 mittes.
705 2382 807 2462 ltaque
833 2385 930 2444 omnia
954 2384 1042 2444 simul
1065 2386 1159 2445 mixta
1181 2395 1210 2445 et

197 2472 363 2532 diutissime
391 2473 461 2532 trita
490 2479 578 2550 atque
606 2471 642 2531 ad
676 2489 821 2532 summam
853 2471 1003 2532 levitatem
1030 2474 1151 2534 redacta
1177 2475 1208 2533 in
1221 2488 1245 2528 es

196 2563 291 2621 vitreo
310 2560 429 2621 vasculo
448 2567 641 2638 reponentur.
666 2558 730 2620 lloc
749 2561 943 2638 emplastrum
956 2560 1029 2621 utile
1044 2561 1091 2622 bis
1106 2562 1210 2623 rebust

197 2648 233 2708 ad
261 2649 422 2727 podagram
452 2656 482 2708 et
510 2666 669 2708 nervorum
702 2647 820 2708 dolores
851 2650 1146 2730 contractionesque,
1174 2651 1209 2711 ad

197 2736 265 2797 luxa
292 2736 339 2797 vel
367 2737 473 2818 fracta,
506 2736 541 2796 ad
570 2737 705 2814 pustulas
733 2755 851 2816 omneS,
879 2737 915 2797 ad
943 2737 1069 2798 duritias
1097 2757 1209 2818 omnes,

197 2827 357 2903 praecipue
381 2825 416 2885 ad
440 2843 634 2885 mammarum
658 2827 743 2905 vitia,
770 2825 807 2885 ad
831 2827 1042 2906 carcinomata,
1070 2827 1107 2887 ad
1130 2827 1208 2905 glan·

197 2912 290 2992 dulaS,
310 2912 345 2973 ad
364 2912 487 2974 vulnera
506 2915 604 2973 omnia
623 2912 757 2992 quolibet
778 2914 865 2974 modo
879 2916 1016 2992 inpressa
1029 2914 1075 2975 vel
1094 2923 1209 2976 vetusta
1220 2930 1244 2969 ω

197 3000 243 3062 rel
266 3003 407 3082 recentia,
430 3001 465 3062 ad
489 3001 659 3062 lumborum
682 3010 712 3062 et
735 3001 780 3062 ilii
803 3001 944 3082 dolorem,
967 3003 1003 3063 ad
1022 3003 1209 3083 scapularum

197 3089 338 3172 dolorem,
361 3090 396 3150 ad
420 3089 573 3171 pthisicoS,
596 3093 637 3151 ita
660 3100 694 3152 ut
718 3090 911 3169 emplastrum
933 3090 990 3152 boe
1013 3092 1158 3153 inducant
1179 3101 1208 3153 et

197 3178 310 3239 caldam
338 3196 444 3258 aquam
474 3178 599 3239 mulsam
627 3178 745 3260 bibant,
772 3178 809 3240 ad
837 3179 972 3239 dentium
1000 3180 1146 3262 dolorem,
1173 3182 1207 3242 ad

196 3269 381 3346 gingivarum
409 3269 620 3347 carcinomata,
647 3267 684 3327 ad
712 3269 818 3346 capitis
846 3275 877 3327 et
904 3269 1060 3329 oculorum
1083 3269 1207 3350 dolores,

195 3357 236 3415 ita
255 3363 289 3416 ut
308 3354 499 3434 emplastrum
519 3355 689 3417 dolentibus
708 3356 803 3417 oculis
817 3365 1046 3437 superponatur,
1065 3358 1101 3418 ad
1120 3377 1206 3420 mem·
1218 3371 1241 3413 εδ

285 3544 319 3594 28
339 3521 456 3594 durities
475 3540 643 3628 Stephanum
663 3541 783 3597 duricies
804 3543 963 3599 Oormrius.
