2609 4017
499 163 650 230 -357
697 201 741 209 —

113 326 212 386 Ranas
235 328 378 388 contritas
402 333 452 388 aut
474 333 594 388 ventres
618 345 720 387 earum
744 327 854 386 scissos
877 345 932 405 pro
953 327 1126 405 malagmate
1145 341 1180 390 99

113 413 249 475 articulis
277 417 424 496 inponite,
452 415 613 476 efficaciter
641 432 846 493 quoscumque
874 414 992 476 dolores
1023 434 1127 477 eorum

115 503 241 564 sedabis.
277 502 440 564 Vituliuum
463 505 565 564 limum
588 514 741 565 recentem
764 504 898 565 articulis
922 503 1125 565 laborantibus
1143 517 1178 566 91

114 591 232 672 iuliues,
259 595 358 653 statim
382 591 548 654 subvenies.

87 699 100 739 s
206 680 249 740 Ad
273 699 413 742 verrucas
432 688 462 741 et
481 680 616 742 clavellos
634 681 745 760 pedum
763 681 928 742 remedium
946 682 1050 744 efficax
1070 684 1126 743 sic:
1146 694 1180 743 98

115 769 266 848 Raporum
285 787 396 851 semen,
420 776 563 848 quantum
583 769 680 830 tribus
699 770 800 849 digitis
818 768 1001 848 adprehendi
1018 780 1127 850 potest,

114 858 230 918 adiecto
254 857 348 918 lasere
372 860 534 920 contritum
557 867 587 919 et
607 860 769 937 inpositum
788 868 876 937 atque
895 857 1050 938 inligatum
1069 858 1127 920 cla·

114 946 224 1007 vellum
247 949 336 1008 etiam
359 949 549 1008 morticinum
574 949 687 1008 excutit
710 955 740 1007 et
764 954 910 1025 persanat.

205 1034 313 1096 Sardus
341 1034 387 1095 991
414 1035 624 1097 salsamentum
653 1037 718 1097 9199
746 1053 813 1096 osse
841 1043 980 1097 exustum
1003 1042 1034 1096 91
1056 1053 1125 1096 con·
1145 1046 1179 1096 99

75 1141 101 1180 10
115 1125 239 1185 lrictum
262 1123 375 1202 adpone
398 1123 556 1205 varicibus,
581 1126 679 1186 statim
703 1125 832 1204 prodest.

205 1211 352 1273 Verrucas
374 1214 505 1273 minores
526 1221 695 1293 congestas,
718 1231 791 1292 quas
814 1212 920 1273 Graeci
945 1213 1120 1292 myrmecias
1129 1223 1181 1274 100

114 1307 231 1380 vocant,
254 1309 288 1360 91
311 1300 489 1382 abstergeas
513 1301 569 1361 boc
594 1302 696 1362 facito:
720 1301 813 1362 Nocte
838 1320 906 1362 cum
930 1301 1039 1361 videris
1059 1301 1126 1361 stel-

114 1389 174 1449 lam
203 1391 287 1468 quasi
310 1392 502 1468 praecipitem
527 1408 559 1450 se
584 1390 619 1451 ad
644 1389 729 1450 aliam
753 1397 868 1469 partem
890 1390 1128 1468 transferentem,

115 1478 221 1538 eodem
240 1485 388 1539 momento
407 1478 514 1557 locum,
533 1481 564 1538 in
583 1497 641 1558 quo
661 1496 803 1539 verrucae
823 1487 920 1555 erunt,
941 1496 1128 1557 quacumque

74 1582 100 1623 rs
115 1585 150 1626 re
178 1564 307 1626 volueris
340 1567 475 1646 deterge,
506 1570 643 1647 protinus
676 1585 779 1627 omnes
812 1567 962 1646 excident5
995 1567 1073 1644 quod
1103 1569 1129 1625 si

114 1673 206 1715 manu
229 1662 280 1715 tua
303 1655 382 1716 nuda
405 1656 434 1716 id
459 1657 575 1735 leceris,
598 1657 741 1716 contiuuo
764 1655 801 1715 ad
825 1673 889 1715 eam
913 1654 1091 1715 1999911991.

206 1743 249 1803 Ad
273 1746 396 1823 varices,
423 1745 474 1822 qui
497 1744 711 1805 suffunduntur
734 1750 764 1803 91
787 1743 885 1804 claudi
908 1761 966 1803 non
989 1750 1123 1822 possunt,
1133 1754 1181 1802 101

114 1830 285 1910 lanuginem
309 1832 345 1892 de
368 1851 479 1912 papyro
503 1833 630 1913 adpone,
654 1834 796 1893 continuo
819 1831 1003 1911 claudentur,
1029 1832 1059 1891 id
1083 1839 1130 1892 est

115 1919 197 1980 illam
215 1919 394 2001 lanuginem,
412 1939 487 1998 quae
507 1921 595 1982 viridi
613 1938 725 2000 papyro
743 1923 775 1981 in
794 1923 963 1981 summitate
983 1928 1030 1980 est
1044 1921 1129 1998 quasi

74 2024 103 2064 so
117 2008 271 2088 paniculae
294 2012 460 2069 eminentis.

205 2095 351 2176 Lapillum
378 2097 541 2177 quemlibet
563 2098 729 2159 involutum
754 2098 882 2159 hederae
905 2097 976 2159 19119
999 2098 1036 2159 ad
1059 2107 1181 2158 ver-102

116 2203 220 2246 rucam
244 2186 406 2267 admoveto,
429 2188 469 2247 ita
493 2195 527 2247 91
550 2205 614 2247 eam
638 2195 739 2266 tangat
761 2187 887 2268 lapillus,
911 2195 999 2266 atque
1023 2188 1064 2247 ila
1083 2205 1129 2247 ce·

116 2273 193 2334 lebri
221 2272 285 2334 loco
310 2274 431 2355 abicito,
460 2284 494 2336 ut
516 2274 552 2335 ab
577 2274 674 2354 aliquo
698 2278 837 2336 inventus
861 2275 1030 2354 colligatur,
1053 2276 1129 2334 miro

116 2362 205 2422 modo
234 2363 269 2423 ad
299 2362 392 2442 illum,
420 2366 473 2443 qui
496 2363 660 2442 collegerit,
684 2382 826 2424 verrucae
850 2364 1072 2423 transferuntur
1099 2370 1129 2422 et

76 2450 185 2511 2919199
210 2460 282 2528 quot
305 2452 417 2512 luerint
439 2469 591 2531 verrucae,
614 2459 659 2512 tot
681 2450 787 2530 lapillis
811 2453 891 2528 tangi
914 2449 1031 2511 debent.

208 2539 337 2600 Urticam
366 2540 509 2600 novellam
537 2557 604 2600 cum
633 2548 716 2600 aceto
744 2540 893 2599 99911999
917 2547 1182 2598 autexustamtos

117 2626 241 2688 lomenti
265 2647 346 2689 more
371 2629 485 2707 adpone
508 2627 665 2689 varicibus.

207 2716 250 2777 ad
270 2716 406 2795 pollicem
421 2724 580 2778 contusum
594 2735 701 2777 nucem
715 2715 883 2794 iuglandem
898 2716 1182 2775 9919191991999194

119 2804 274 2865 mundabis
298 2813 328 2866 et
350 2805 496 2866 cribrabis
515 2813 545 2866 et
567 2824 634 2866 cum
653 2805 770 2866 modico
789 2803 885 2864 mellis
903 2803 1042 2883 adpones,
1061 2821 1130 2864 con·

78 2905 105 2944 30
120 2893 203 2953 11999
228 2893 353 2954 sanabis.

208 2980 342 3042 Clavellis
366 2981 514 3060 91991119,
538 2983 642 3062 quiin
667 2980 793 3060 pedibus
817 2981 934 3050 molesti
957 2988 1035 3060 suut,
1059 2990 1183 3041 san-105

118 3071 185 3147 guis
213 3070 339 3130 lacertae
368 3070 471 3130 viridis
499 3089 567 3131 cum
595 3069 688 3131 119999
716 3072 863 3148 inpositus
886 3072 961 3130 mire
984 3069 1129 3130 medetur.

119 3157 272 3220 Lumbrici
296 3162 407 3220 terreni
433 3161 588 3220 triticum
612 3158 677 3218 oleo
701 3161 822 3237 inpositi
846 3167 973 3237 prosunt
995 3156 1183 3218 919991119199

119 3248 239 3325 penitus
262 3247 411 3308 eruendis
453 3246 531 3307 Faba
554 3249 586 3308 in
610 3258 694 3308 aceto
718 3256 747 3307 et
770 3247 847 3308 laser
870 3249 959 3306 missa
983 3254 1013 3306 et
1031 3253 1182 3306 19999191

209 3457 241 3507 11
261 3452 446 3520 myrmecides
467 3453 628 3520 0999991199,
647 3452 760 3508 correxi.
810 3457 842 3506 31
862 3451 975 3520 sanguis
994 3450 1129 3523 lacertae]

118 3523 153 3590 ef.
168 3523 242 3579 Ptin.
259 3540 286 3579 rt.
301 3525 326 3580 b.
342 3529 385 3595 30,
400 3529 442 3580 80.
503 3530 536 3578 33
555 3522 698 3593 lumbrici]
717 3523 751 3591 cf.
766 3523 924 3578 91191119.
