2609 4017
491 192 769 294 -acs-Q

97 358 256 421 Confectio
280 366 378 419 autem
402 359 535 419 universi
558 358 763 419 medicaminis
781 357 855 419 haec
874 367 933 418 est:
958 357 1117 437 Sanguinis

95 448 190 510 huius
213 448 292 509 hirci
315 446 430 528 -Ill,
459 448 572 527 piperis
595 446 656 507 albi
681 480 718 489 -
739 446 765 528 l,
792 446 894 527 polypi
916 449 1014 508 exusti
1037 449 1116 509 ciue·

95 540 143 599 ris
162 570 204 582 -
220 535 269 617 111,
288 536 383 617 thymi
400 536 480 617 -1,
502 536 583 617 pulei
602 568 641 579 -
658 534 680 616 1,
699 537 758 615 apii
777 537 900 597 seminis
921 569 960 579 -
975 536 998 616 1,
1017 544 1118 616 petro·

96 626 182 687 silini
205 625 389 687 Macedonici
410 658 455 668 —
473 625 495 707 1,
518 626 640 686 seminis
665 624 779 686 elisatii
804 656 843 668 -
859 624 881 685 l.
918 624 998 686 Haec
1018 628 1117 687 omnia

67 717 262 796 sseparatim
285 722 373 776 tunsa
401 721 432 775 et
454 714 490 776 ad
512 714 697 775 levissimum
719 713 873 793 puluerem
895 714 1015 775 redacta
1038 733 1117 776 com·

96 807 211 865 misces
235 811 265 865 et
288 802 372 865 dabis
395 804 522 885 infirmo,
544 803 651 865 melius
676 804 703 863 si
725 802 773 863 die
795 802 875 863 Solis
897 810 949 865 aut
966 803 1044 864 lovis
1068 822 1116 864 co·

96 893 201 955 cliaris
224 911 396 954 mensuram
418 894 449 953 in
473 895 547 953 meri
570 894 692 973 potione
716 901 767 953 aut
786 894 1002 972 cuiuscumque
1021 893 1118 953 dulcis

95 981 209 1063 poculi.
246 981 406 1043 Providens
429 988 529 1042 autem
553 982 653 1063 debes,
677 989 710 1041 ut
730 980 845 1058 digesto
864 999 898 1041 ac
916 983 1016 1042 ieiuno
1035 984 1117 1061 potio

97 1072 191 1134 detur
214 1078 245 1132 et
267 1089 389 1132 rursum
412 1080 446 1132 ut
469 1070 571 1131 eadem
594 1072 716 1149 potIone
739 1070 815 1131 bene
835 1069 949 1149 digesta
967 1070 1051 1131 cibos
1070 1089 1117 1132 ac-

56 1177 81 1216 10
97 1162 207 1241 cipiet,
238 1168 267 1229 et
291 1178 327 1221 eo
348 1158 456 1221 medus
484 1161 554 1241 erit,
582 1162 607 1220 si
630 1159 707 1220 hanc
730 1160 883 1238 potionem
906 1177 974 1220 cum
998 1159 1117 1221 condito

96 1258 170 1329 post
193 1248 343 1310 balineum
367 1250 398 1310 in
423 1248 541 1309 sabanis
564 1247 662 1309 adhuc
685 1250 867 1310 constitutus
893 1250 1051 1327 acceperit.

192 1337 288 1417 Supra
308 1339 406 1398 omnia
425 1337 529 1398 efficax
548 1336 627 1398 aliud
647 1355 685 1399 ex
704 1355 739 1398 eo
758 1338 850 1398 iacies
868 1338 1117 1400 medicamentum
1136 1351 1170 1401 95

97 1430 160 1489 sic:
186 1426 312 1505 Sanguis
336 1425 471 1487 hircinus
495 1444 529 1486 ea
552 1425 759 1487 observatione
784 1445 842 1505 qua
860 1445 951 1505 supra
969 1429 1118 1507 excipitur

97 1519 132 1577 in
155 1515 263 1596 patella
286 1517 383 1577 lcrrea
406 1515 560 1597 candente,
583 1522 617 1575 ut
640 1515 727 1576 aduri
749 1518 845 1595 possit
868 1523 899 1575 et
921 1518 1029 1595 stringi
1049 1534 1118 1577 con·

57 1622 83 1662 rs
97 1608 187 1667 tinuo
215 1606 280 1683 ipse
309 1606 442 1685 sanguis,
470 1605 512 1665 ita
539 1612 573 1665 ut
595 1611 699 1684 postea
725 1605 757 1663 in
779 1603 933 1684 pulverem
956 1604 1118 1685 redigatur,

97 1694 147 1754 vel
175 1702 258 1755 certe
286 1694 437 1755 continuis
465 1692 577 1772 aliquot
605 1692 712 1753 diebus
739 1692 776 1752 ad
806 1691 900 1753 solem
928 1694 1027 1771 ipsum
1053 1710 1118 1754 san·

98 1785 224 1861 guinem
246 1800 349 1864 pones,
372 1783 413 1843 ita
436 1788 472 1843 ut
489 1799 558 1842 rore
576 1782 635 1841 iam
654 1781 781 1841 decusso
800 1787 869 1859 post
887 1780 990 1841 horam
1011 1799 1117 1842 secun·

98 1872 169 1933 dam
192 1889 286 1950 ponas
310 1878 340 1932 et
362 1877 431 1931 aute
454 1888 562 1931 nonam
586 1869 715 1949 colligas.
752 1869 949 1949 Posteaquam
967 1872 1009 1931 ita
1027 1870 1119 1931 luerit

99 1963 231 2022 siccatus
255 1961 385 2039 sanguis,
408 1967 442 2020 ut
465 1958 579 2021 nullum
597 1977 741 2020 umorem
758 1958 876 2041 habeat,
899 1958 1021 2038 colliges
1040 1961 1117 2020 eius·

57 2066 83 2105 so
99 2050 170 2111 dem
193 2049 342 2110 crustulas
370 2057 400 2110 et
423 2056 503 2109 teres
527 2057 615 2128 atque
639 2067 677 2109 ex
699 2066 734 2109 eo
757 2048 942 2109 levissimum
965 2047 1118 2128 pulverem

98 2139 233 2220 rediges;
262 2138 368 2200 deinde
399 2139 527 2218 accipies
555 2137 679 2198 herbam
707 2137 862 2220 tribulum,
893 2140 979 2199 cuius
1007 2137 1117 2199 herbae

98 2231 201 2308 ipsum
224 2226 378 2308 tribulum,
400 2227 458 2288 hoc
482 2235 528 2288 est
549 2244 650 2287 semen
670 2228 834 2308 spinosum,
857 2229 999 2309 proicies3
1022 2230 1119 2308 ipsam

98 2327 202 2378 autem
224 2316 348 2378 herbam
371 2316 477 2378 lectam
501 2316 537 2377 de
561 2316 635 2377 locis
659 2317 815 2377 maritimis
843 2316 983 2397 siccabis,
1010 2317 1118 2378 tundes

100 2414 131 2467 et
150 2408 182 2467 in
201 2404 355 2486 pulverem
369 2405 495 2485 rediges.
524 2404 677 2466 Confectio
692 2412 791 2465 autem
808 2405 1011 2466 medicaminis
1026 2407 1118 2466 totius

58 2506 84 2549 ²⁵
100 2494 175 2556 haec
204 2502 263 2557 est:
296 2493 413 2555 Herbae
437 2493 537 2555 triboli
561 2492 663 2575 -11‚
690 2495 803 2571 piperis
827 2524 870 2534 —-
889 2491 929 2573 11,
951 2494 1119 2571 petrosilini

99 2583 287 2645 Macedonici
304 2617 348 2626 -
362 2582 398 2666 11,
421 2582 484 2644 lolii
506 2581 658 2660 sertulam,
680 2581 711 2641 id
735 2590 781 2642 est
803 2598 944 2642 coronam
962 2582 1024 2641 sive
1044 2582 1118 2641 siae-

99 2692 166 2734 ram
190 2691 288 2734 unam.
321 2671 400 2733 Haec
424 2673 523 2747 omnia
546 2672 707 2750 separatim
726 2677 813 2731 tunsa
832 2677 862 2730 et
880 2670 917 2730 ad
935 2669 1118 2730 levissimum

99 2761 257 2841 pulverem
279 2761 399 2822 redacta
422 2779 491 2821 oum
514 2761 658 2839 sanguiue
680 2757 797 2819 hircino
821 2757 961 2820 miscebis
984 2765 1015 2819 et
1035 2757 1119 2819 dabis

100 2852 222 2911 infirmo
250 2850 297 2911 die
328 2849 405 2911 Solis
433 2857 484 2910 aut
511 2848 588 2909 lovis
616 2847 753 2909 cocliaris
780 2866 952 2909 mensuram
983 2849 1015 2908 iu
1043 2850 1119 2908 meri

60 2952 86 2991 ³0
100 2942 224 3020 potione
248 2947 300 3001 aut
318 2941 535 3017 cuiuscumque
554 2936 650 2999 dulcis
669 2937 803 3017 liquoris.
839 2936 1000 2999 Providere
1019 2945 1119 2999 autem

101 3028 204 3111 debes,
227 3037 261 3089 ut
284 3028 399 3107 digesto
423 3029 583 3106 ieiunoque
606 3028 689 3106 potio
712 3026 814 3107 detur3
839 3045 927 3106 quam
948 3045 1017 3088 cum
1036 3045 1118 3088 acce-

102 3120 183 3196 perit
206 3120 258 3197 qui
279 3115 427 3177 calculum
445 3117 567 3197 patitur,
590 3133 659 3175 mon
677 3114 790 3193 lapides
809 3115 923 3176 solutos
942 3134 1045 3176 omnes
1063 3133 1118 3193 per

103 3208 222 3267 urinam
251 3207 376 3267 emittet.
416 3204 456 3266 Ut
478 3222 548 3265 vero
572 3202 729 3264 admireris
753 3206 906 3283 sanguinis
928 3203 1038 3265 hircini
1061 3206 1118 3262 vir·

196 3358 362 3428 teanguis.
480 3354 617 3411 ethimi.
735 3356 813 3425 -1‚
840 3354 999 3424 petrosilini
1025 3354 1117 3411 Mace·

103 3430 198 3485 donici
216 3460 251 3470 -
265 3430 290 3497 l,
315 3427 429 3484 seminis
448 3444 499 3482 orn.
520 3428 681 3484 Carnarius.
746 3433 760 3481 ‘1
780 3426 931 3495 potionem.
994 3432 1010 3482 8
1030 3426 1117 3484 debis.

104 3507 137 3555 11
158 3501 278 3556 balineo.
339 3505 372 3554 13
392 3499 529 3554 candente
549 3498 578 3554 eh
595 3500 634 3555 ub.
692 3504 725 3552 19
743 3498 898 3553 humorem.
952 3503 987 3553 26
1006 3497 1117 3553 elerum.

104 3571 244 3628 ardebis.
319 3576 352 3625 32
373 3569 489 3626 calculo.

1169 3755 1260 3857 p.
