2609 4017
564 192 809 256 -334-

128 369 163 418 44
271 356 315 416 Ad
334 356 435 417 ulcera
453 357 485 415 in
503 373 559 415 ano
578 355 656 415 lacta
673 353 795 414 chartae
813 352 986 433 conbustae,
1008 352 1061 413 sed
1082 348 1202 433 †aena·

181 465 249 507 rum
268 449 333 506 eius
353 441 432 524 drag
446 443 469 524 l,
487 445 698 523 auripigmenti
711 439 829 523 dragl,
846 442 962 522 lepidae
979 439 1060 520 drag.
1075 442 1089 502 1
1108 440 1201 502 simul

181 543 321 596 conteres
345 541 375 594 et
398 532 484 593 melle
508 533 723 612 conprehensis
746 535 841 592 uteris
864 531 1017 610 emplastri
1038 530 1140 592 modo.
1297 530 1298 561 ⁴

127 634 162 684 44
270 623 313 682 Ad
329 639 389 702 444,
404 620 514 700 quibus
526 622 703 682 intestinum
717 619 843 700 inprobe
857 622 1015 701 prominet,
1028 619 1199 681 remedium
1297 602 1300 681 l

181 715 238 773 sic:
261 709 350 772 Ebuli
372 728 444 770 suco
467 709 685 788 turpitudinem
709 709 897 792 circumline,
925 711 985 770 cito
1007 708 1228 769 remediabisn

127 813 162 862 44
270 799 442 877 Porrigines
461 801 510 859 ani
529 801 658 878 extirpet
675 798 733 859 tale
746 799 944 860 medicamen:
962 797 1050 879 Picis,
1068 800 1198 878 resinae,
1298 810 1299 863 l

181 905 276 969 cerae,
294 886 403 968 butyri,
423 890 486 948 sevi
500 890 624 968 caprini,
637 890 754 966 argenti
768 906 899 967 spumae,
912 886 1099 966 singulorum
1113 888 1198 966 paria
1298 866 1299 895 ¹

180 976 312 1055 pondera
335 979 454 1037 remitte
478 984 509 1037 et
532 977 620 1037 simul
644 984 834 1055 contempera
858 984 948 1056 atque
970 978 1011 1037 144
1034 975 1138 1036 141144.

126 1078 161 1128 44
269 1065 314 1125 Ad
338 1067 502 1146 syringium
525 1065 571 1125 441
594 1067 643 1125 441
666 1067 736 1126 41414
759 1064 870 1126 14441414
888 1065 987 1126 144441
1005 1066 1196 1124 4144444444

180 1161 210 1215 44
239 1161 319 1214 44444
348 1163 458 1215 testum
486 1156 579 1214 ostrei
605 1161 635 1215 et
662 1153 766 1215 sordes
788 1156 867 1216 intra
889 1153 1035 1234 pullinum
1058 1160 1197 1214 ventrem
1213 1171 1240 1210 ro
1299 1150 1300 1167 ¹

181 1250 315 1322 repertas
334 1243 500 1304 contundes
519 1252 549 1304 et
567 1243 698 1304 cocleam
717 1261 838 1303 vacuam
857 1251 888 1304 44
905 1241 1092 1304 cucurbitam
1112 1249 1197 1302 ustu-

180 1330 268 1391 latam
296 1338 377 1392 teres
400 1331 558 1409 diligenter
581 1334 732 1411 mixtaque
755 1334 866 1413 omnia,
894 1350 962 1393 oum
984 1333 1015 1392 in
1038 1330 1196 1409 pulverem

179 1421 387 1480 tenuissimum
406 1421 568 1502 redegeris,
592 1421 708 1481 vulneri
726 1421 871 1502 adpones3
894 1439 962 1481 mox
982 1421 1086 1481 vitium
1105 1438 1196 1480 omne

180 1506 306 1569 sanabis.

129 1607 164 1658 48
271 1597 346 1657 14444
377 1597 413 1658 441
444 1600 493 1658 441
519 1599 589 1658 41414
618 1599 830 1677 prominentia,
864 1615 939 1676 qnae
971 1598 1106 1657 revocari
1132 1615 1196 1656 non
1211 1613 1239 1654 44

179 1694 318 1763 possunt:
340 1685 429 1768 liubi,
451 1686 503 1747 ubi
525 1704 609 1746 mora
631 1694 807 1764 nascuntur,
830 1685 930 1746 caules
953 1687 1048 1746 teneri
1070 1693 1102 1746 et
1119 1684 1195 1745 buxi
1301 1648 1303 1773 l

179 1773 247 1834 lolia
271 1782 302 1834 et
324 1784 426 1835 cortex
449 1774 518 1836 mali
540 1777 656 1853 granati
678 1775 725 1836 rel
748 1777 812 1853 ipsa
834 1792 920 1852 poma
944 1775 1009 1835 eius
1034 1781 1063 1834 et
1088 1783 1195 1834 cortex
1301 1794 1302 1801 ¹

178 1861 295 1923 roboris
323 1863 451 1944 arboris,
480 1863 558 1924 unde
586 1865 667 1924 coria
695 1864 908 1943 coniiciuntur,
935 1865 967 1922 14
993 1870 1071 1923 testo
1101 1881 1194 1941 supra

178 1968 290 2028 prunas
313 1960 466 2030 ponuntur
489 1955 620 2012 4414444
644 1971 704 2033 444,
728 1951 781 2012 4141
804 1952 937 2033 offertur,
960 1951 1103 2012 fumantia
1122 1969 1194 2012 con·

179 2040 359 2120 stituuntnr,
384 2048 530 2119 utsupra
554 2041 656 2102 sedeat
680 2042 817 2102 infirmus
840 2039 1000 2101 conclusus
1022 2039 1195 2121 diligenter,
1208 2058 1238 2098 44

179 2143 216 2186 44
240 2126 340 2187 sumus
362 2128 441 2188 foras
465 2137 562 2210 exeat3
587 2148 646 2209 quo
669 2130 747 2191 14444
770 2147 839 2190 cum
858 2137 966 2190 conatu
985 2147 1074 2190 anum
1094 2129 1194 2190 eidem

178 2215 259 2275 fumo
282 2214 399 2297 offerat,
426 2217 458 2275 in
485 2220 601 2278 recenti
622 2218 720 2279 taedio
742 2219 799 2278 1444
822 2218 987 2279 remedium
1009 2226 1057 2278 ter
1080 2219 1195 2279 lactum

179 2301 342 2384 subveniet,
366 2306 397 2364 14
420 2313 520 2366 444444
544 2324 614 2367 4444
637 2306 735 2368 taedio
759 2309 877 2386 saepius
900 2307 965 2367 tieri
988 2315 1117 2386 oportet.

124 2403 158 2452 44
268 2391 312 2452 lu
336 2392 428 2474 idem,
457 2394 534 2473 quod
563 2402 593 2455 44
616 2394 755 2457 libidines
777 2395 922 2456 olierendi
944 2403 976 2456 44
996 2403 1123 2457 conatus
1146 2415 1194 2456 re-

178 2484 300 2560 primet:
330 2480 477 2560 Ceparum
500 2482 696 2544 rotundarum
718 2484 766 2545 rel
788 2485 876 2545 etiam
899 2483 1024 2545 aliarum
1047 2484 1118 2545 lolia
1139 2493 1239 2546 antas

178 2573 306 2632 44441444
329 2572 425 2632 414444
446 2579 477 2632 44
498 2573 596 2650 picem
619 2573 724 2634 duram
743 2571 831 2634 simul
849 2571 1029 2634 carbonibus
1047 2573 1193 2634 incendes

178 2667 208 2719 et
230 2678 308 2738 4444,
332 2667 365 2720 44
389 2661 528 2739 superius
547 2661 660 2723 dictum
679 2671 733 2742 est,
757 2661 897 2723 concluso
917 2660 1035 2722 sedebis
1054 2669 1086 2722 44
1104 2680 1193 2722 4444·

177 2755 226 2809 tus
254 2749 351 2828 dabis,
378 2756 412 2810 ut
439 2749 540 2810 fumus
568 2758 598 2810 et
626 2769 717 2830 vapor
745 2769 801 2811 ano
829 2751 1023 2831 suscipiatur,
1047 2767 1193 2828 praesens

177 2839 341 2915 experieris
364 2836 538 2898 remedium.

124 2934 158 2985 44
266 2923 438 3004 Conpositio
466 2928 559 2987 ceroti
588 2925 624 2986 ad
652 2927 721 2988 vitia
749 2928 798 2987 ani
825 2929 882 2987 sic:
916 2926 1044 3007 Spumae
1073 2929 1236 3006 argentino

179 3045 219 3056 -
238 3012 274 3093 ll,
293 3021 392 3074 cretae
410 3012 551 3074 Cimoliae
573 3006 610 3100 ,Q
630 3014 665 3096 ll,
684 3033 770 3076 cerae
789 3014 916 3076 Punicae
937 3009 976 3101 2·
995 3015 1030 3096 ll,
1049 3034 1191 3077 cerussae

176 3101 279 3183 -113
307 3119 381 3181 quae
410 3104 507 3162 omnia
536 3101 572 3163 ad
603 3121 749 3164 summam
771 3103 921 3164 levitatem
943 3112 1097 3185 teruntur,
1125 3112 1191 3166 tum

176 3193 207 3252 14
231 3209 299 3252 4444
323 3198 463 3269 argenteo
487 3210 556 3251 cera
579 3210 648 3252 cum
669 3192 735 3252 oleo
753 3210 840 3253 roseo
859 3194 1032 3273 remittitur,
1055 3195 1099 3253 sic
1122 3193 1192 3254 reli-

123 3291 234 3360 41444
263 3279 496 3341 confunduntur.
538 3279 708 3359 Conpositio
737 3280 772 3341 ad
801 3283 850 3341 441
875 3283 944 3341 41414
967 3283 1025 3342 sic:
1055 3281 1191 3362 Cecidos,

265 3421 281 3469 3
301 3416 516 3486 conprehensus.
621 3423 637 3470 8
657 3417 742 3485 eique
760 3415 814 3487 144]
834 3416 927 3472 colite.
1033 3421 1068 3470 10
1085 3417 1190 3471 4444444

177 3483 336 3540 0444441444.
417 3491 450 3539 18
468 3488 543 3539 testa
562 3486 722 3541 Ooruariuo.
803 3493 838 3542 20
856 3487 901 3557 ni]
920 3488 957 3542 44
1044 3492 1079 3542 22
1098 3504 1190 3542 remo·

176 3552 231 3608 dio.
323 3559 357 3607 25
376 3570 534 3624 caeparum.
608 3561 641 3610 31
661 3558 955 3612 creeteeohimonioa.

1302 2099 1304 2116 l
