2609 4017
506 188 659 254 -247
709 226 747 237 -

209 349 349 430 Malagma
369 350 404 411 ad
425 369 514 411 corae
534 350 680 412 dolorem:
703 350 833 412 Masticis
847 351 936 413 Chiae
950 352 982 414 P.
998 353 1027 432 S,
1046 353 1130 414 abro-
1150 368 1166 417 6

108 440 182 499 toni
206 442 271 500 suci
295 437 326 500 θ
346 438 380 518 S,
410 442 485 500 turis
510 438 539 500 P.
560 440 595 518 S,
623 440 693 500 salis
716 442 892 501 ammoniaci
914 440 946 502 P.
967 440 1000 522 S,
1027 444 1131 502 aristo·

108 526 212 588 lociae
240 529 385 599 rotundae
412 526 441 589 P.
461 527 500 607 ΙΙ,
528 528 713 589 aristolociae
737 529 866 608 digitalis
888 529 920 590 P.
939 530 980 609 ΙΙ,
1009 549 1131 609 spumae

109 618 237 695 argenti
258 616 289 677 P.
308 616 329 695 Ι,
353 616 510 696 propoleos
534 615 564 677 P.
583 617 605 698 l,
629 620 705 678 cotis
726 616 859 679 Creticae
879 617 909 679 P.
928 619 941 678 Ι
962 618 991 700 8,
1014 621 1130 679 resinae

79 706 253 782 spituinae
272 704 303 765 P.
323 704 336 765 l
356 704 385 780 8,
409 705 466 767 olei
489 708 598 766 veteris
617 704 648 766 P.
667 704 716 787 ΙΙΙ,
739 705 797 766 olei
819 707 928 767 laurini
948 707 980 768 P.
999 706 1048 787 ΙΙΙ,
1072 707 1130 785 gal-

108 791 187 853 bani
201 792 232 855 P.
247 794 269 873 Ι,
288 792 401 873 lepidae
421 793 545 873 Cypriae
559 793 590 854 P.
607 794 635 875 S,
655 813 741 855 cerae
756 794 786 855 P.
802 794 814 854 Ι
830 794 858 874 8,
878 797 989 876 sinapis
1006 796 1129 857 Alexan-

107 880 196 941 drini
216 879 247 942 8
267 881 315 962 ΙΙΙ,
335 884 411 943 aceti
430 879 462 942 θ
481 882 529 942 ΙΙΙ.
561 882 667 943 Omnia
687 882 759 943 baec
778 891 865 943 tunsa
884 902 959 963 quae
978 885 1129 946 tundenda

108 979 186 1030 sunt
216 978 246 1032 ct
273 972 397 1031 remissa
420 990 495 1050 quae
519 970 734 1050 liquefaciendo
755 980 826 1032 sunt
849 972 937 1033 simul
960 991 1129 1053 excoquun-

106 1066 165 1118 tur
190 1068 221 1119 et
244 1067 345 1138 postea
369 1067 429 1120 tam
452 1059 504 1120 diu
523 1060 659 1121 manibus
678 1060 866 1142 subiguntur,
890 1060 984 1121 donec
1004 1062 1129 1123 densum

64 1159 92 1199 1⁰
107 1147 259 1227 malagma
282 1149 340 1209 fiat.
752 1224 754 1230 ἲ

206 1235 341 1297 Sciaticis
365 1237 481 1297 cocleae
506 1236 615 1297 crudae
639 1239 726 1297 tritae
748 1239 780 1297 in
799 1240 867 1298 vino
886 1237 1010 1299 Amineo
1030 1257 1066 1299 ex
1084 1242 1127 1318 pi·
1148 1252 1163 1300 ‘t

108 1342 186 1402 pere
207 1334 292 1403 potae
312 1326 386 1385 mire
406 1332 539 1404 prosunt.
573 1323 682 1385 Pellem
701 1325 764 1405 lupi
782 1325 971 1387 aluminatam
989 1347 1044 1407 per
1063 1328 1127 1390 dies
1147 1341 1163 1390 8

109 1430 165 1473 sex
191 1411 300 1473 lumbis
323 1411 493 1474 dolentibus
515 1416 633 1494 inpone,
657 1416 757 1475 statim
781 1415 947 1477 subvenies

204 1500 385 1563 Lumborum
405 1512 435 1563 et
453 1504 584 1563 vessicae
603 1502 786 1563 cruciatibus
800 1503 946 1564 laboranti
959 1506 1083 1583 prodest
1096 1509 1127 1565 in
1146 1519 1162 1567 9

69 1601 95 1642 1⁵
111 1587 241 1650 balineis
265 1590 328 1651 loco
352 1590 456 1670 calido,
480 1590 551 1651 dnm
574 1590 634 1651 illic
659 1602 713 1671 est,
737 1594 853 1652 urinam
877 1610 1009 1670 egerere.
1047 1594 1180 1655 Lana10

110 1676 226 1757 sucida,
245 1681 333 1758 nitro,
357 1678 488 1760 sulpure,
512 1680 585 1760 oleo,
607 1688 699 1759 aceto,
718 1681 784 1759 pice
803 1678 923 1759 liquida,
942 1680 1126 1743 ferventibus

108 1766 168 1845 his,
193 1770 285 1828 tincta
309 1776 339 1828 et
362 1786 450 1847 quam
475 1768 652 1829 calidissime
678 1770 826 1828 sustinere
849 1770 944 1847 possit
962 1759 1059 1829 bisin
1078 1770 1125 1831 die

108 1854 247 1933 adposita
270 1856 392 1935 prodest
414 1856 584 1918 lumborum
607 1856 711 1917 dolori.

202 1943 376 2004 Remedium
405 1948 513 2005 mirum
541 1946 698 2006 adversum
726 1946 857 2005 nesciam
885 1944 931 2005 vel
959 1945 1125 2007 arthrisim:
1146 1960 1177 2008 11

67 2044 94 2083 20
108 2031 211 2093 Herba
236 2040 281 2093 ost
304 2031 349 2093 vel
372 2034 542 2114 frutectum,
567 2034 644 2113 quod
670 2035 795 2094 maxime
819 2036 898 2095 circa
922 2052 1009 2113 sepes
1028 2037 1124 2095 vinea-

108 2140 181 2181 rum
209 2123 354 2202 nascitur,
382 2121 487 2182 Latine
520 2126 631 2201 cytisus
660 2121 783 2203 dicitur3
814 2122 951 2201 virgultis
982 2132 1028 2184 est
1056 2124 1124 2185 sub·

108 2211 201 2270 tortis
223 2209 270 2269 vel
293 2212 405 2289 curvis,
429 2210 507 2271 ioliis
530 2210 678 2291 oblongis,
702 2211 778 2271 bene
801 2210 976 2292 virentibus,
999 2211 1124 2273 floribus

108 2298 261 2359 conclusis
285 2297 420 2377 oblongis
442 2298 516 2359 albis
536 2298 581 2359 vel
600 2302 688 2360 etiam
707 2300 851 2378 galbineis
869 2300 945 2360 bene
964 2299 1123 2381 olentibus,

107 2387 139 2447 id
157 2395 202 2447 est
217 2386 328 2447 mellito
342 2386 442 2448 odore.
466 2387 641 2448 Frutectum
655 2390 753 2467 ipsum
769 2406 886 2467 semper
896 2391 995 2449 virens
1010 2398 1123 2450 aestate

68 2486 93 2527 2⁵
110 2483 202 2554 atque
230 2475 327 2537 hieme
355 2474 504 2555 colligitur
532 2476 579 2536 die
603 2474 680 2535 lovis
708 2475 776 2536 luna
804 2483 904 2536 vetere
932 2475 1033 2536 liduna
1056 2486 1123 2537 ante

107 2565 268 2643 prandium
292 2571 322 2624 et
344 2563 432 2625 datur
455 2566 492 2642 ei,
515 2566 564 2625 cui
587 2563 720 2624 remedio
739 2564 839 2623 iactura
858 2571 912 2642 est,
936 2566 1036 2624 ieiuno
1056 2573 1123 2625 ante

108 2652 268 2732 prandium
287 2654 366 2732 trita,
389 2655 429 2713 ita
452 2662 485 2713 ut
504 2670 564 2715 non
583 2670 675 2713 sucus
693 2659 809 2712 tantum
828 2653 902 2732 eius,
925 2652 978 2711 sed
997 2661 1027 2712 et
1046 2652 1123 2732 lolia,

109 2742 259 2820 quomodo
279 2742 349 2801 trita
367 2742 488 2823 luerint,
509 2741 552 2801 vel
571 2740 661 2801 liores
680 2742 753 2821 eius,
773 2741 936 2821 siluerint,
956 2743 999 2801 sic
1014 2741 1123 2801 dentur

108 2848 146 2889 ex
174 2831 250 2890 meri
277 2831 338 2889 vini
366 2833 474 2891 veteris
502 2832 564 2890 sive
593 2832 682 2890 etiam
704 2828 812 2889 novelli
835 2831 986 2908 quartario
1009 2829 1122 2909 grandi.

68 2927 93 2968 ²0
109 2916 168 2977 Sed
197 2920 249 2997 qui
277 2919 403 2997 accipiet
431 2928 512 2979 stans
540 2920 666 2997 accipiat
691 2926 721 2978 et
743 2926 847 2977 contra
870 2919 1015 2979 orientem
1040 2919 1122 2979 bibat

109 3015 140 3066 et
168 3024 238 3067 cum
265 3024 281 3066 a
311 3006 413 3068 dextra
441 3015 524 3085 parte
548 3008 700 3085 potionem
723 3008 886 3085 acceperit,
911 3006 947 3067 ad
971 3009 1123 3068 sinistram

108 3102 190 3155 retro
215 3104 332 3156 utnon
355 3098 495 3175 respiciat
518 3095 621 3155 reddat
645 3093 768 3155 calicem
792 3097 833 3173 ei,
857 3098 908 3174 qui
932 3096 1048 3157 dederit
1070 3114 1121 3174 po·

108 3186 236 3264 tionem3
268 3183 326 3243 hoc
359 3202 413 3262 per
443 3184 575 3245 triduum
603 3183 700 3245 faciet.
746 3183 805 3243 Sed
834 3186 886 3262 qui
913 3184 1037 3245 daturus
1065 3186 1123 3244 erit

108 3274 271 3354 potionem,
294 3290 353 3333 tina
376 3273 449 3334 hora
469 3272 514 3333 vel
533 3290 592 3333 uno
611 3272 660 3332 die
679 3271 785 3332 lectam
804 3271 928 3331 herbam
947 3270 1036 3331 simul
1054 3289 1122 3331 con·

199 3478 381 3533 laniandae.
444 3476 620 3547 opotuinae.
666 3481 718 3531 '12
737 3476 860 3546 prodest.
921 3480 953 3530 15
971 3474 1122 3601 1⁰⁰⁰l11⁰fi⁰

111 3554 160 3603 im
178 3546 242 3604 oleo
261 3553 321 3605 2m.
387 3554 419 3603 19
439 3548 562 3603 crdisim.
631 3553 666 3603 25
685 3546 842 3616 collegitur.
905 3551 940 3601 26
958 3563 1033 3601 reme
1057 3546 1122 3604 'um.
