2609 4017
580 203 618 212 —
668 167 821 232 346-

197 332 280 411 porri
308 329 427 391 sectiles
454 329 500 390 vel
527 331 661 410 capitati,
693 331 836 411 ocimum,
865 328 1042 409 feniculum,
1070 331 1209 410 satureia,

196 422 356 500 pastinaca,
375 419 491 500 cardui3
510 418 564 478 hae
583 421 648 480 esui
667 419 752 478 datae
771 421 860 478 etiam
877 436 974 479 mares
987 420 1071 478 nasci
1086 419 1208 479 iaciunt.

196 510 235 570 At
252 527 323 569 vero
343 510 508 569 contrariae
528 515 598 569 sunt
616 507 758 587 puleium,
781 509 889 588 apium,
909 514 985 588 ruta,
1005 507 1206 587 coriandrum,

196 606 305 678 menta,
328 597 451 670 lactuca,
475 599 671 676 nasturcium,
693 595 843 656 anethum.
1281 674 1282 677 Ἴ

82 761 84 766 Ι
143 698 176 747 tt
284 685 328 745 Ad
352 687 513 745 ramicosos
537 693 567 746 et
590 685 699 764 quibus
718 692 835 745 veretra
858 692 888 745 et
908 682 1042 745 testiculi
1065 683 1231 744 dolebuuts

197 773 354 835 medullam
373 776 458 852 panis
477 775 585 834 siccam
604 776 635 834 in
655 775 797 834 mortario
816 780 963 854 conteres,
983 773 1092 833 deinde
1111 773 1207 833 oleum

196 866 227 922 in
251 865 429 941 sartaginem
452 863 553 923 mittes
580 870 611 923 et
634 863 678 922 sic
701 861 860 922 medullam
882 864 967 941 panis
990 863 1094 922 tritam
1119 878 1207 939 super

196 950 294 1012 oleum
312 953 413 1012 mittes
432 958 462 1011 et
478 951 629 1029 paululum
644 952 737 1030 friges
751 951 938 1030 calidumque
953 968 1045 1030 super
1058 952 1206 1029 pectinem

196 1039 323 1100 dolentis
347 1039 486 1122 adpones,
508 1042 583 1100 mire
607 1040 773 1104 subvenies.

142 1140 176 1189 52
284 1127 394 1188 Fabam
413 1129 521 1188 fresam
539 1131 572 1188 in
590 1127 716 1189 mulsam
733 1146 840 1207 aquam
859 1128 983 1188 inlunde
1002 1136 1118 1188 etcum
1133 1126 1206 1188 bene
1217 1147 1239 1186 n

195 1217 412 1298 permaduerit,
440 1225 561 1277 contere
585 1235 619 1277 ac
642 1217 714 1277 dum
737 1227 817 1277 teres
840 1218 908 1276 vino
932 1234 1057 1295 asperge
1082 1224 1114 1276 et
1136 1225 1205 1278 tam·

195 1324 283 1385 quam
307 1305 449 1383 malagma
473 1305 600 1366 calidum
623 1305 762 1366 verendis
785 1305 930 1386 adpones,
958 1307 1058 1365 statim
1083 1304 1204 1365 dolenti-

194 1393 251 1454 bus
275 1412 308 1454 ac
331 1391 517 1454 tumentibus
540 1393 687 1455 testiculis
710 1392 877 1454 medebere.
921 1413 924 1416 ⁴

142 1494 175 1544 53
284 1481 412 1543 Verendi
435 1482 527 1543 virilis
551 1483 672 1543 clavulis
696 1490 726 1543 et
749 1481 901 1542 ulceribus
919 1481 983 1542 aloe
1001 1484 1072 1542 trita
1093 1480 1205 1543 utiliter

194 1573 357 1652 inponitur,
381 1589 448 1632 curu
472 1573 557 1650 prius
579 1573 647 1631 nno
671 1571 750 1633 eluta
773 1572 886 1632 luerint
908 1573 978 1632 vitia
1001 1573 1122 1631 veretri.
1216 1587 1236 1628 rs

140 1671 175 1720 st
283 1659 483 1740 Emplastrum
503 1659 605 1739 viride,
629 1659 707 1738 quod
727 1659 835 1721 medici
853 1659 975 1720 chloran
993 1658 1153 1740 appellant,
1171 1677 1205 1718 ex
1281 1714 1282 1735 2

194 1767 317 1810 rosaceo
345 1751 503 1808 remissum
527 1750 559 1808 in
583 1747 703 1808 linteolo
727 1750 811 1809 tenui
832 1747 952 1808 inlitum
975 1749 1102 1808 ueretris
1126 1746 1204 1808 exul·
1281 1738 1282 1749 ¹

140 1848 174 1897 55
195 1839 303 1898 ceratis
330 1836 444 1897 utiliter
472 1839 634 1916 inponitur.
678 1836 786 1898 Sevum
810 1837 934 1916 pecudis
957 1855 973 1896 a
996 1835 1120 1897 renibus
1145 1835 1202 1896 vul-

194 1944 260 1987 sum
284 1925 413 1986 admixto
437 1927 565 2005 pumicis
588 1928 690 1986 cinere
713 1934 744 1985 et
766 1925 826 1986 sale
849 1926 1016 1986 rectissime
1035 1923 1201 1985 dolentibus

140 2026 175 2073 oc
195 2022 224 2074 et
256 2013 442 2075 tumentibus
469 2016 596 2074 veretris
623 2016 786 2092 inponitur.
831 2014 1033 2074 Arietinorum
1060 2012 1199 2074 vellerum
1212 2031 1233 2070 oo
1281 1960 1283 2097 y

194 2103 269 2162 cinis
297 2119 366 2161 oum
394 2119 469 2180 aqua
497 2105 608 2164 mixtus
637 2111 668 2163 et
695 2103 847 2181 adpositus
875 2101 1071 2162 incommodis
1095 2103 1200 2162 veretri
1281 2140 1282 2149 κ

139 2199 173 2250 57
192 2197 346 2270 repugnat.
378 2188 509 2268 Ungulae
528 2190 658 2252 mulinae
677 2199 798 2252 exustae
818 2192 896 2269 cinis
912 2189 1072 2252 salubriter
1090 2194 1198 2270 insper-

192 2281 273 2358 gitur
295 2279 374 2338 vitiis
397 2285 592 2340 veretrorum.

139 2379 173 2430 tte
281 2365 484 2428 carbunculos
508 2367 545 2428 de
562 2369 689 2428 ueretris
708 2369 886 2428 exterminat
903 2369 1050 2428 muricum
1069 2367 1115 2428 vel
1134 2385 1197 2446 pur-

192 2474 335 2536 purarum
353 2458 385 2516 in
404 2455 583 2516 carbonibus
598 2464 732 2517 ustarum
748 2459 823 2516 cinis
837 2474 906 2517 cum
920 2455 1007 2516 melle
1020 2458 1196 2535 permixtus,
1207 2473 1229 2513 rs

191 2545 270 2605 idem
298 2552 450 2624 praestant
478 2545 621 2622 singulari
649 2545 780 2605 efficacia
808 2544 984 2606 salsamenta
1012 2544 1143 2605 discocta
1170 2553 1197 2604 et

192 2652 260 2694 cum
283 2632 370 2694 melle
393 2635 538 2712 permixta
562 2635 691 2712 tritaque
715 2633 857 2712 adposita.

138 2733 173 2781 59
280 2722 431 2782 Permixto
455 2721 583 2782 alumine
607 2731 637 2782 et
661 2739 758 2802 myrra
781 2723 820 2782 tel
842 2721 987 2783 bubulum
1006 2721 1043 2781 ad
1062 2724 1197 2782 crassitu-

192 2809 290 2870 dinem
314 2809 410 2870 mellis
434 2809 590 2871 subactum
614 2820 644 2871 et
666 2809 784 2871 inlitum
809 2829 855 2891 ea,
882 2829 959 2889 quae
986 2813 1114 2871 veretris
1141 2829 1196 2871 ser·

190 2905 274 2977 punt,
292 2900 368 2957 mira
386 2897 537 2960 celeritate
556 2906 709 2980 persanat,
728 2917 818 2979 supra
836 2901 926 2959 etiam
945 2897 1012 2959 beta
1031 2901 1100 2960 vino
1119 2908 1195 2960 cocta
1206 2916 1227 2956 u
1281 2896 1282 2981 l

191 2993 272 3046 recte
295 2987 457 3065 lnponitur.

137 3089 171 3137 oo
280 3074 404 3156 Coclels,
428 3093 502 3154 quae
522 3076 619 3136 nudae
638 3077 841 3150 inveniuntur,
860 3075 988 3137 adicitur
1006 3074 1119 3155 aliquid
1138 3076 1196 3136 triti

191 3166 267 3224 turis
295 3173 325 3224 et
352 3162 411 3224 albi
439 3182 563 3225 ovorum
591 3172 679 3243 atque
707 3163 777 3224 inde
800 3163 901 3224 ulcera
923 3163 1132 3225 testiculorum
1154 3174 1195 3225 tu·

190 3255 300 3314 mentia
320 3261 350 3313 et
367 3252 544 3332 hydrocelae
562 3271 725 3332 puerorum
744 3255 805 3312 sive
824 3254 951 3313 ramices
965 3251 1194 3334 superlinuntur,

281 3393 295 3440 l
313 3387 493 3443 foeniculum.
585 3394 600 3441 2
620 3388 777 3457 pustinaga.
864 3387 946 3442 essui.
1032 3392 1048 3440 3
1068 3388 1193 3456 poleium

191 3463 225 3510 14
245 3457 371 3512 verende.
453 3464 486 3512 22
506 3458 639 3522 murinae.
721 3464 756 3511 24
773 3473 966 3528 purpurarum.
1054 3463 1089 3512 28
1107 3459 1193 3514 mirre.

189 3526 304 3580 bubulo.
378 3534 410 3582 31
430 3528 587 3597 inponetur.
660 3533 695 3582 34
713 3528 858 3585 idroceles.
