2609 4017
467 179 709 246 -183-

92 343 237 421 permittit.
283 342 341 403 Alii
367 342 483 403 decocti
511 361 585 422 aqua
614 361 703 403 crura
730 342 866 403 ulcerosa
889 343 1011 405 adsidue
1036 343 1096 405 lota
1116 355 1150 406 25

92 430 221 490 celeriter
244 431 437 492 sanabuntur.
472 430 579 512 Herba,
603 450 679 511 qnae
697 430 868 492 Britannice
887 432 1006 513 dicitur,
1030 432 1150 493 cibuto

91 518 131 579 rel
147 522 231 598 potui
250 527 367 599 sumpte
386 522 465 582 intra
483 519 562 581 diem
581 528 701 581 sextum
716 519 815 599 leprae
830 519 996 582 molestiam
1012 520 1096 583 tollit.

90 605 207 686 lapathi
225 611 353 687 agrestis
372 609 489 670 radices
502 608 622 670 surculo
638 627 710 670 erue
725 627 835 688 easque
850 611 914 670 siue
930 610 1009 670 ierro
1027 628 1096 670 con·
1115 620 1150 669 tt

67 696 173 756 stuude
201 696 378 777 adiectoque
406 699 469 758 acri
491 705 575 759 aceto
599 696 704 777 subige
728 705 758 758 et
780 716 886 776 parum
910 698 979 759 salis
1004 701 1096 760 misce

88 791 179 862 atque-
197 803 234 845 ex
263 805 300 847 eo
328 804 446 847 omnem
473 789 608 866 corporis
629 789 821 866 asperitatem
844 789 875 847 in
899 786 1003 848 balneo
1026 805 1096 849 cum

89 872 188 933 sudore
211 875 357 957 connisa,
379 877 438 936 cito
458 883 550 936 sanat.
585 875 695 937 Gluten
713 874 871 937 vitulinum
890 883 973 936 aceto
992 879 1097 938 remis·
1116 885 1149 934 28

88 977 146 1020 sum
173 962 305 1024 admixta
331 964 446 1024 modica
473 964 554 1025 calce
581 966 659 1045 viva,
687 972 721 1025 ut
748 964 977 1026 crassitudinem
1000 965 1096 1026 mellis

87 1047 193 1132 haheat,
215 1050 327 1113 inlines
350 1053 423 1113 locis
446 1052 573 1132 leprosis
596 1060 686 1133 atque
707 1051 767 1114 illic
787 1054 894 1114 siccari
912 1054 1096 1115 medicamen

55 1157 77 1196 rc
88 1141 249 1221 permittes,
279 1141 441 1202 efficaciter
463 1142 607 1220 proderit.
652 1140 755 1221 Vulpis
779 1150 896 1202 stercus
920 1160 989 1203 cum
1012 1151 1095 1204 aceto
1115 1151 1149 1199 29

88 1234 143 1286 tere
170 1235 200 1289 et
226 1247 384 1310 penmgue
412 1228 538 1311 lepram,
567 1232 627 1292 cito
651 1228 824 1310 subvenies;
854 1248 971 1293 omnem
996 1238 1095 1293 autem

86 1311 190 1392 lepram
212 1318 321 1380 inlitus
342 1319 478 1380 hircinus
500 1321 622 1398 sanguis
645 1319 791 1403 emendat.

166 1405 210 1466 Ad
229 1407 436 1468 exanthemata
460 1408 590 1469 curanda
611 1410 659 1468 ori
683 1410 761 1469 coeti
783 1406 901 1470 vitellus
920 1426 989 1469 eum
1008 1408 1094 1470 melle
1115 1416 1149 1466 30

88 1499 114 1550 ct
129 1495 282 1570 psimithio
296 1499 387 1557 tritus
400 1499 567 1558 rectissime
582 1495 749 1558 adhibetur.
782 1496 941 1558 Pelliculae
957 1499 1094 1577 caprinae
1114 1505 1147 1554 31

57 1597 77 1636 rs
88 1590 211 1660 ramenta
236 1603 306 1645 cum
327 1587 446 1665 pumice
464 1587 535 1649 trita
554 1593 697 1665 acetoque
716 1587 861 1664 permixta
881 1585 1095 1646 exanthematis

87 1681 213 1743 prosunt.
256 1673 343 1734 Lotio
365 1674 496 1734 humano
522 1676 548 1734 si
571 1677 685 1735 nitrum
708 1673 903 1735 admiscueris
927 1691 1022 1753 eoque
1046 1692 1094 1734 ex·
1115 1682 1148 1730 se

87 1756 247 1822 anthemata
272 1762 446 1841 frequenter
469 1762 588 1844 elucris,
611 1765 822 1841 reprimentur.
858 1759 1008 1841 Oesypum
1027 1780 1096 1823 cum
1115 1769 1148 1818 33

87 1844 164 1907 melle
183 1848 347 1912 Corsicano
366 1853 470 1912 tritum
490 1861 520 1912 et
538 1851 708 1932 adpositum
726 1849 824 1911 abolet
842 1850 879 1910 de
898 1850 972 1911 facie
992 1868 1095 1911 omnes

88 1935 218 2020 maculas,
239 1940 362 2018 quidam
380 1948 410 2000 et
428 1939 570 2020 butyrum
589 1940 716 2021 addunt;
735 1941 761 2000 si
775 1957 845 2001 vero
861 1946 891 2000 et
909 1938 992 2001 vituli
1007 1940 1095 2001 timus

55 2029 113 2080 rcet
134 2023 172 2084 iel
194 2031 337 2090 caninum
360 2031 535 2111 misceatur,
562 2029 746 2090 medicamen
775 2029 878 2090 utilius
901 2030 972 2107 erit,
997 2031 1038 2090 ita
1061 2036 1095 2090 ut

88 2113 191 2186 pariter
213 2125 379 2197 temperata
403 2120 502 2178 omnia
525 2118 738 2197 decoquantur.
771 2116 945 2179 Coclearum
968 2119 1095 2178 minuta·
1113 2124 1149 2174 34

88 2213 148 2260 tum
170 2223 247 2284 quae
270 2208 381 2286 passim
404 2208 597 2268 inveniuntur
620 2214 793 2267 exustarum
818 2209 893 2268 cinis
916 2224 984 2267 cum
1009 2205 1094 2267 melle

88 2293 246 2362 permixtus
273 2295 352 2356 tollit
379 2313 415 2356 ex
444 2295 518 2356 iacie
546 2297 617 2356 vitia
645 2298 756 2376 omnia,
785 2294 945 2375 lentigines
975 2313 1094 2374 quoque

89 2381 116 2433 et
133 2377 240 2444 livores
263 2382 369 2445 abolet.

56 2477 78 2518 ²⁵
170 2468 315 2551 Stigmata
341 2472 479 2533 delentur
507 2471 676 2533 columbino
704 2473 772 2531 limo
795 2473 867 2532 trito
896 2479 927 2532 et
949 2489 985 2531 cx
1008 2481 1093 2532 aceto
1113 2477 1148 2526 35

88 2550 217 2642 inposito,
232 2563 273 2621 ita
288 2568 322 2621 ut
335 2560 457 2621 adsidue
473 2561 657 2622 medicamen
672 2559 899 2638 superducatur.
927 2557 969 2618 De
984 2560 1092 2619 tinctu·
1113 2565 1148 2614 36

89 2641 126 2700 ris
146 2647 189 2707 vel
212 2648 338 2710 maculis
361 2651 497 2729 corporis
520 2648 673 2711 abolendis
700 2646 866 2707 remedium
894 2648 948 2706 sic:
985 2645 1094 2706 Oculos

89 2728 130 2788 rel
146 2751 197 2797 ova
216 2741 334 2816 saepiae
352 2739 384 2799 in
403 2756 478 2817 aqua
497 2737 577 2798 solve
596 2746 715 2798 etcum
733 2734 820 2796 melle
836 2735 985 2814 permisce
1004 2742 1093 2813 atque

89 2815 151 2880 lude
180 2825 312 2888 maculas
344 2827 486 2907 perfrica,
518 2827 578 2887 cito
610 2823 817 2886 abolebuntur.
869 2824 927 2884 Lac
960 2822 1094 2885 mulieris
1113 2830 1147 2880 3⁵1

58 2908 208 2980 epactam
235 2917 395 2976 nutrientis
423 2933 492 2976 curn
519 2913 606 2976 melle
634 2924 666 2976 et
693 2914 758 2974 olco
786 2915 967 2994 permixtum
991 2931 1094 2975 omues

90 2997 168 3060 etiam
187 3005 341 3065 ustionum
358 3002 489 3065 macules
507 3002 593 3064 tollit.
622 3003 655 3064 Si
674 3005 786 3065 nitrum
805 3022 873 3064 cum
888 3002 953 3065 oleo
967 3005 1093 3064 misceas
1113 3009 1147 3058 38

91 3083 123 3143 ad
144 3092 366 3168 spissitudinem
389 3091 485 3153 mellis
508 3100 597 3171 atque
619 3093 689 3153 iude
712 3091 842 3154 maculas
863 3092 996 3173 inducas
1019 3093 1094 3152 mire

91 3169 287 3262 detergentur3
315 3183 459 3260 sauguine
487 3199 606 3261 quoque
634 3183 756 3261 caprino
783 3181 916 3242 maculae
941 3186 1093 3241 contactae

92 3257 252 3330 abluuntur.
298 3270 331 3330 st
353 3279 452 3331 autem
475 3272 605 3352 nescias,
628 3269 708 3330 unde
731 3271 771 3330 sit
793 3268 920 3348 macula,
944 3287 981 3328 ex
1003 3285 1093 3346 cepae
1112 3274 1146 3324 39

58 3358 156 3414 ³⁶Suco
182 3357 282 3419 locum
308 3358 484 3438 perfrioabis
511 3367 542 3419 et
569 3358 650 3420 dulci
677 3376 754 3438 aqua
779 3357 862 3418 elues
886 3373 1094 3434 sesamumque

91 3446 359 3508 commanducatum
374 3449 591 3527 superinpones
604 3447 650 3508 vel
664 3446 788 3507 bulbum
803 3445 975 3505 Africanum
990 3446 1094 3505 tritum

92 3541 153 3591 curn
174 3543 257 3596 aceto
280 3538 414 3615 inpones.

1143 3767 1244 3906 Δ.
