2609 4017
488 222 709 287 „13-

90 387 226 466 potione,
254 386 360 447 deinde
389 392 510 465 postero
538 384 586 446 die
610 384 718 445 laveris
744 384 871 465 ciboque
894 385 980 445 firmo
1003 388 1108 468 utaris,

89 492 150 555 qua
174 493 208 535 re
232 483 262 535 et
285 474 490 535 observatione
514 474 635 554 efficies,
659 492 698 534 ne
722 473 793 553 quid
817 476 936 535 omnino
959 476 1024 535 vitii
1042 492 1106 535 ccr-

90 566 159 642 pcri
187 572 239 624 tuo
267 564 381 625 accidat
408 572 439 623 et
465 570 610 643 perpetua
638 564 763 623 sanitate
792 564 834 623 sis
861 569 953 624 tutus.
1000 562 1054 623 Est
1077 571 1108 624 et

89 654 174 731 potio
199 651 336 733 salubris,
359 670 435 731 quae
459 670 546 714 omne
569 654 706 731 corporis
729 653 834 713 vitium
857 651 958 713 elimat
976 660 1007 714 et
1029 651 1106 713 vale·

57 758 73 799 c
90 741 227 802 tudinem
242 742 405 802 confirmat.
432 740 505 802 Eius
519 743 649 821 potionis
663 742 723 801 iam
741 748 842 801 tecum
860 740 951 802 babes
970 742 1107 820 conposi-

91 832 219 911 tionem,
243 848 299 909 per
321 848 413 891 annos
438 831 517 891 enim
541 830 714 910 conplures,
743 831 921 891 amicissime
944 830 1108 911 Maecenas,

90 937 163 979 cum
191 918 316 981 Caesare
344 927 447 995 nostro
474 920 587 999 pariter
614 936 670 979 nos
701 920 813 979 morari
839 921 1015 999 meministi,
1048 936 1107 999 quo

91 1016 229 1087 tempore
261 1008 334 1069 haec
366 1007 550 1069 observando
586 1026 750 1087 numquam
781 1010 813 1068 in
845 1007 940 1069 ullum
972 1010 1108 1087 corporis

89 1097 268 1175 languorem
290 1098 435 1178 incidisti,
461 1115 520 1177 quo
543 1104 678 1177 tempore
701 1114 757 1158 nec
781 1104 918 1157 nostrum
940 1097 1107 1176 Augustum

48 1206 75 1245 ιο
92 1188 254 1265 quicquam
281 1186 462 1247 molestioris
489 1186 671 1247 incommodi
697 1204 818 1265 passum
846 1204 912 1248 esse
935 1188 1023 1246 nosti.
1064 1186 1107 1246 lta
1128 1197 1161 1246 11

90 1275 174 1335 euim
197 1294 245 1335 me
268 1282 368 1336 tecum
391 1273 528 1355 habebis,
557 1275 583 1335 si
610 1274 743 1336 libellum
770 1292 870 1336 mcum
897 1274 1022 1354 legendo
1046 1292 1108 1334 sae·

90 1364 163 1443 pius
185 1366 333 1445 tractariS,
357 1366 409 1444 qui
431 1362 549 1443 plenius
572 1363 626 1425 tibi
649 1382 698 1425 me
721 1363 843 1425 absente
867 1371 1019 1443 praestare
1039 1381 1108 1424 con·

91 1451 195 1513 silium
222 1454 253 1513 iu
282 1452 420 1514 omnibus
447 1454 567 1531 poterit.
612 1452 736 1513 Terenti
762 1451 909 1533 Euelpisti
940 1455 973 1513 in
1004 1452 1109 1514 ultimo

90 1540 195 1601 libabo
209 1540 289 1620 leges
306 1541 446 1621 dynames
465 1540 635 1622 herbarum,
650 1559 724 1620 quas
738 1549 773 1602 ut
786 1541 992 1603 crescentibus
1006 1559 1108 1602 nume·

50 1652 76 1692 15
92 1631 137 1690 ris
160 1630 249 1691 lunae
272 1629 422 1711 observes,
445 1631 516 1692 dum
538 1629 618 1690 tollis
641 1637 672 1690 et
689 1632 844 1710 conponis,
863 1637 976 1691 curato.
1014 1629 1048 1689 Si
1068 1631 1109 1689 ita

92 1736 155 1779 non
183 1719 292 1780 leceris
323 1727 354 1780 et
377 1719 413 1779 ad
437 1720 671 1781 deminutionem
699 1718 787 1780 lunae
814 1718 987 1798 sustuleris,
1010 1719 1109 1778 minus

92 1807 243 1869 valebunt.
283 1807 386 1887 lpsum
414 1810 503 1870 etiam
529 1825 610 1868 mare
633 1824 688 1886 per
710 1806 812 1868 lunam
834 1808 938 1885 augeri
961 1813 992 1868 et
1014 1807 1110 1867 minui

93 1898 221 1976 scimus,
245 1897 369 1958 cerebra
393 1898 480 1959 etiam
503 1896 658 1957 hominum
682 1903 829 1975 augentur
852 1902 1007 1957 crescente
1030 1895 1108 1956 luna,

93 1984 171 2046 Cum
198 1992 298 2047 autem
326 1987 471 2047 minuitur
503 1985 585 2063 luna,
613 2004 672 2046 una
695 2002 831 2065 quaeque
859 2004 909 2047 res
933 1985 1109 2046 deminutio·

50 2095 78 2135 ro
93 2092 164 2135 nem
189 2077 287 2136 sentit.
320 2074 406 2145 Quod
429 2075 499 2136 licet
521 2092 718 2154 recognoscas
741 2092 777 2135 ex
797 2074 853 2156 bis,
873 2074 982 2154 quibus
1001 2072 1109 2135 cotidie

93 2165 206 2244 uteriS,
237 2171 337 2224 tamen
370 2173 400 2225 et
431 2182 485 2244 per
513 2181 561 2223 me
593 2164 763 2224 admonitus
794 2166 872 2225 scies
909 2162 1047 2225 omnibus
1079 2170 1110 2223 et

92 2254 191 2314 minui
214 2260 407 2331 augmentum
430 2260 460 2313 et
483 2253 586 2331 augeri
608 2270 663 2332 per
685 2252 793 2314 lunam.
833 2252 918 2323 Quod
942 2254 969 2312 si
990 2255 1032 2313 ita
1055 2261 1110 2331 est,

93 2343 126 2402 in
155 2341 258 2402 herbis
287 2360 407 2422 quoqne
435 2341 568 2421 legendis
596 2340 859 2421 conponendisque
886 2341 1109 2402 medicamentis

94 2432 155 2491 vim
179 2431 245 2491 eius
268 2438 299 2491 et
321 2438 499 2511 potestatem
526 2448 581 2491 nos
604 2430 762 2492 observare
787 2430 897 2492 debere
920 2448 958 2491 ne
982 2430 1109 2492 dubites.

121 2642 292 2723 Epistula
315 2642 410 2703 Plini
433 2643 586 2704 secundi
608 2642 649 2702 ad
673 2642 807 2702 amicos
831 2641 872 2702 de
895 2641 1081 2702 medicina.

54 2805 81 2845 aa
186 2783 373 2864 Frequenter
391 2785 464 2846 mibi
482 2787 513 2845 in
532 2782 822 2865 peregrinationibus
841 2783 958 2864 accidit,
974 2790 1008 2843 ut
1022 2801 1110 2863 prop·
1131 2793 1145 2843 1

94 2881 144 2934 ter
167 2891 263 2935 meam
291 2883 343 2936 aut
369 2892 506 2936 meorum
534 2874 736 2935 infirmitatem
760 2874 855 2934 varias
879 2872 999 2934 fraudes
1019 2873 1110 2934 medi·

95 2979 202 3024 corum
226 2966 393 3045 experirer,
418 2962 594 3044 quibusdam
617 2962 759 3023 vilissima
781 2962 914 3023 remedia
938 2962 1111 3041 ingentibus

95 3052 206 3130 pretiis
231 3052 437 3133 vendentibus,
464 3051 529 3113 aliis
553 3069 681 3130 eaquae
705 3068 810 3112 curare
830 3050 1002 3112 nesciebant
1029 3052 1111 3131 cupi·

96 3140 198 3202 ditatis
227 3158 315 3201 causa
349 3139 597 3220 suscipientibus,
630 3140 774 3219 quosdam
801 3157 871 3200 vero
903 3142 1028 3219 conperi
1053 3139 1111 3201 boc

58 3246 208 3308 regenero
231 3232 370 3312 grassari,
393 3239 428 3291 nt
450 3228 632 3309 languentes,
657 3230 709 3308 qui
727 3229 914 3307 paucissimis
937 3228 1043 3290 diebus
1066 3228 1112 3291 vel

97 3318 187 3379 etiam
214 3318 298 3380 horis
325 3326 448 3399 possent
476 3320 587 3400 sanari,
609 3320 642 3379 iu
664 3317 786 3397 longum
809 3324 926 3397 tempus
949 3319 1111 3400 traherent,

169 3457 187 3506 4
206 3452 399 3510 valetudinem
416 3454 529 3523 scripsi:
551 3452 718 3509 valitudine.
788 3456 821 3505 13
839 3451 978 3522 Euelpisti
999 3455 1112 3524 scripsi:

97 3522 230 3593 Velpisii.
315 3531 348 3580 16
367 3523 590 3581 deminutionem
609 3529 659 3580 Im
677 3522 893 3578 diminutionem
910 3526 972 3592 2m,
990 3525 1054 3582 item
1070 3531 1112 3581 19.

97 3600 131 3650 et
150 3596 279 3668 possent]
299 3599 378 3667 pom.

1150 3761 1221 3965 f
