2609 4017
498 206 713 269 ..11-

95 367 316 447 defervefacies,
339 366 409 427 iude
433 385 540 445 aquam
563 385 614 427 ore
637 368 813 449 continebis,
837 368 889 429 sed
909 376 999 447 caput
1017 369 1111 431 calide

94 456 252 539 tractabis,
280 464 314 517 ut
340 455 413 517 lluat
435 457 551 534 pituita.
589 454 675 526 Quod
703 459 729 517 si
753 460 820 535 quis
843 458 988 537 neglegit,
1015 460 1111 537 capiet

93 546 225 624 epiloras
245 544 400 606 oculorum
419 552 471 605 aut
489 546 624 606 dentium
643 545 690 605 vel
709 548 826 606 aurium
843 545 985 608 dolorem.
1018 545 1111 607 Inter·

94 634 167 696 dum
196 636 285 695 etiam
314 641 450 695 strumae
472 634 684 713 parotidesque
712 644 877 696 nascuntur
900 645 930 696 et
953 634 1009 695 alia
1032 637 1112 716 vitia,

66 742 172 803 aquae
196 726 275 783 circa
298 722 399 783 fauces
421 726 612 802 cervicesque
637 724 711 783 oriri
729 722 838 803 solent3
861 725 933 784 item
952 723 1112 785 destiIlatio

95 821 147 873 aut
179 810 306 891 gravedo
336 814 452 873 narium
482 814 540 872 erit
572 821 601 872 et
634 812 785 873 interdum
819 812 920 873 ulcera
950 814 982 872 in
1015 815 1111 892 capite

94 908 263 962 nascuntur
290 908 341 961 aut
368 902 457 961 etiam
481 900 579 979 capilli
602 899 746 961 delluuut.
784 900 858 961 Cum
883 908 983 962 autem
1006 920 1023 961 a
1046 900 1146 962 tho-'1

93 1008 165 1051 race
192 986 315 1050 morbus
343 992 489 1068 nascitur,
517 991 624 1068 incipit
651 997 741 1069 caput
764 990 871 1050 sudare
894 990 1054 1070 linguaque
1077 991 1112 1051 lit

94 1081 226 1140 crassior
249 1086 301 1138 aut
324 1096 357 1138 os
380 1096 514 1139 amarum
535 1088 586 1139 aut
605 1078 723 1139 tusillae
742 1078 852 1139 dolent.
890 1078 1034 1140 Oscitatio
1054 1082 1112 1139 erit

52 1187 79 1226 ιο
94 1168 238 1247 frequens
263 1169 326 1227 sinc
346 1185 450 1227 somno
474 1175 504 1227 ct
528 1168 637 1247 quiete,
661 1175 765 1246 torpor
785 1167 998 1247 membrorum,
1021 1170 1112 1228 animi

93 1256 194 1337 dolor,
217 1258 340 1335 prurigo
365 1257 513 1335 corporis,
540 1255 661 1316 brachia
683 1274 849 1335 manusque
872 1256 996 1317 adsidue
1019 1258 1111 1317 intre·

93 1348 224 1406 miscent
252 1344 407 1424 subitaque
435 1346 527 1405 tussis
555 1345 635 1405 arida
665 1353 695 1405 et
717 1347 851 1424 inquieta
874 1353 1022 1406 nascetur.
1066 1344 1112 1405 Ex

92 1434 142 1495 his
171 1452 242 1512 ergo
270 1451 338 1494 cum
365 1434 476 1514 aliquid
505 1434 661 1513 acciderit,
690 1434 797 1495 vitabis
825 1435 929 1495 vitium
955 1452 1057 1515 grave,
1086 1436 1112 1494 si

92 1524 246 1585 vomueris
276 1524 337 1583 sive
367 1524 486 1583 ieiunus
517 1524 578 1583 sive
606 1530 675 1602 post
703 1541 807 1584 cenam
843 1522 888 1582 vel
921 1525 952 1583 in
985 1522 1111 1583 balineo.

52 1631 78 1671 15
93 1611 167 1673 Plus
190 1619 289 1673 autem
311 1612 447 1692 prodest,
472 1613 498 1671 si
522 1614 642 1671 ieiunus
665 1611 755 1672 bilem
778 1613 917 1691 eieceris3
943 1629 1008 1671 eam
1032 1612 1111 1671 enim

94 1702 224 1763 dicimus
252 1709 378 1761 matrem
406 1699 586 1761 morborum.
635 1700 694 1759 Sed
719 1702 770 1779 qui
794 1717 914 1759 vomere
936 1699 1042 1758 nolunt
1065 1698 1112 1759 vel

93 1808 154 1851 non
178 1799 318 1869 possunt,
343 1792 411 1868 quia
431 1789 584 1850 stomacho
608 1788 757 1869 laborant,
780 1788 897 1848 decimo
921 1805 1039 1866 quoque
1063 1787 1111 1847 die

92 1878 254 1940 ieiunando
274 1881 352 1938 omni
373 1878 439 1939 ciho
458 1896 490 1939 se
509 1878 689 1939 abstineant:
710 1896 769 1957 quo
787 1877 865 1937 facto
880 1878 985 1937 vitium
1000 1877 1111 1955 grande

92 1967 243 2048 vitabunt,
271 1984 338 2027 uam
367 1967 540 2047 frequenter
570 1966 715 2028 vomendo
744 1967 819 2027 solet
847 1966 1018 2026 stomachus
1042 1983 1110 2026 con·
1187 2016 1193 2025 ,

51 2058 203 2135 erumpi.
240 2054 326 2126 Quod
346 2058 372 2117 si
390 2075 406 2116 a
423 2063 525 2117 ventre
540 2055 664 2116 morbus
678 2058 802 2137 orietur,
821 2054 893 2116 haec
909 2061 998 2115 erunt
1013 2056 1112 2133 signa:
1129 2059 1146 2109 8

92 2146 205 2206 Venter
223 2152 356 2206 vertetur
375 2152 463 2224 atque
483 2144 652 2205 turbabitur
671 2155 701 2206 et
718 2146 828 2205 sentiet
843 2143 967 2204 crebros
982 2142 1110 2223 dolores,

93 2235 180 2296 cibus
205 2242 235 2294 et
258 2236 339 2313 potio
363 2252 460 2294 amara
484 2233 678 2314 videbuntur,
703 2251 799 2312 genua
824 2232 992 2314 succident,
1016 2231 1110 2291 lumbi

92 2321 310 2403 gravabuntur,
340 2321 565 2402 interscaplium
593 2322 787 2383 contrahetur
814 2330 971 2400 totumque
999 2338 1109 2400 corpus

92 2411 295 2492 particulatim
310 2411 489 2490 gravabitur,
503 2410 701 2472 tardabuntur
715 2412 815 2490 pedes,
830 2413 915 2489 pigra
929 2410 1001 2470 fient
1011 2428 1108 2489 crura,

52 2518 79 2561 ss
92 2519 183 2562 renes
211 2500 396 2562 indolescent
420 2507 540 2580 etpost
563 2500 635 2561 haec
660 2499 822 2560 febriculae
845 2502 1009 2559 incurrent.
1055 2497 1109 2558 His

92 2593 195 2669 itaque
220 2591 346 2668 coguitis
369 2591 463 2669 prima
485 2596 532 2649 est
550 2588 748 2649 abstinentiae
766 2588 888 2648 utilitas.
924 2586 1000 2647 Tum
1020 2589 1109 2645 etiam

93 2680 319 2740 medicamentis
351 2678 447 2739 alvum
475 2678 599 2756 purgari
626 2675 789 2755 oportebit,
821 2682 856 2735 ut
883 2692 970 2753 grave
999 2691 1109 2751 corpus

92 2767 267 2828 levamentis
286 2769 413 2828 iuvetur.
460 2765 544 2837 Qtvod
565 2767 591 2825 si
609 2763 732 2825 morbus
752 2766 846 2824 maior
869 2780 1006 2841 premere
1029 2762 1109 2823 vide·

93 2857 191 2939 bitur,
220 2855 331 2917 adicies
360 2856 485 2916 alterum
513 2854 592 2914 diem
619 2853 829 2934 abstinentiae,
857 2854 884 2913 si
908 2860 1007 2913 tamen
1030 2854 1109 2912 vires

54 2963 80 3003 eo
92 2948 262 3025 patienturt
289 2948 334 3006 sin
362 2946 469 3025 miuus,
498 2961 586 3023 quam
611 2942 794 3004 levissimum
819 2960 918 3004 sumes
943 2940 1052 3022 cibum,
1075 2949 1110 3001 ut

93 3052 183 3096 ovum
207 3033 316 3094 sorbile
340 3040 455 3093 tautum
479 3040 531 3092 aut
549 3031 661 3112 aliquid
680 3050 734 3091 ovo
753 3031 848 3092 simile
868 3032 1005 3109 accipias
1046 3029 1109 3090 Hoc

93 3126 148 3204 qui
170 3122 345 3205 neglegunt,
373 3122 449 3183 liunt
472 3119 589 3201 cyliaci,
616 3122 786 3203 torminosi,
811 3120 997 3200 dysinterici,
1021 3120 1110 3179 etiam

94 3230 130 3272 ex
160 3231 195 3273 eo
224 3219 388 3273 nascuntur
416 3211 561 3271 tertianae
590 3216 620 3269 et
648 3219 822 3288 quartanae,
855 3210 930 3269 liunt
956 3207 1110 3287 podagrici

167 3372 183 3420 2
208 3368 310 3435 capeat
327 3369 343 3419 1
350 3381 377 3419 m
395 3362 491 3433 capiat
509 3368 568 3419 2m.
677 3367 694 3417 8
717 3362 842 3416 nascitur
864 3378 914 3416 om.
1010 3360 1111 3430 incipit

94 3437 193 3508 eaput]
216 3435 247 3489 in
270 3435 357 3506 caput,
374 3436 480 3491 additis
496 3450 584 3503 supra
603 3435 704 3503 liccem
722 3433 792 3502 cipit
809 3434 932 3504 syllabis.
1007 3437 1041 3486 14
1058 3431 1111 3487 ba-

93 3509 170 3564 lineo
188 3514 247 3575 zm,
264 3524 340 3563 nunc
358 3507 368 3563 i
387 3508 479 3562 littero
497 3522 576 3561 erasa
594 3511 639 3560 est.
705 3509 739 3558 28
758 3503 934 3559 videbuntur.
997 3509 1031 3558 29
1051 3503 1110 3558 adi-

94 3581 160 3635 cias.
235 3586 269 3635 30
288 3577 437 3635 levissime.
512 3583 545 3631 32
567 3575 753 3646 dissynterici.

1158 3815 1300 3977 Ε
