2609 4017
509 175 750 240 -267-

111 338 252 415 spissum
280 338 419 418 poculum
448 338 544 400 detur.
589 337 739 399 Vessicam
767 340 877 401 relevat
905 341 1025 403 coliculi
1052 348 1189 407 cocti104

111 443 195 505 aqua
219 429 320 489 triduo
344 447 360 488 a
383 430 482 489 ieiuno
506 428 617 506 iugiter
640 437 717 506 pota.

207 517 253 578 Ad
280 520 411 578 vessicae
438 518 507 577 vitia
532 515 677 577 curanda:
708 516 823 595 Myrrae
848 522 1029 581 semunciam
1053 520 1187 585 bene105

111 604 206 663 tritae
231 625 300 668 cum
324 604 412 666 mulsi
435 607 545 666 veteris
568 604 683 684 cyathis
705 605 803 666 tribus
824 605 908 668 dabis
926 628 981 687 per
999 610 1134 671 triduum

76 708 92 747 5
111 694 219 755 ieiuno
241 697 362 756 exeunti
381 696 479 755 statim
499 712 515 754 a
534 692 660 775 balineo,
683 696 725 754 ita
743 702 785 774 ut,
809 694 879 756 dum
899 697 1017 759 sabanis
1036 702 1133 779 operi-

111 792 176 865 tur,
200 784 335 864 singulos
357 785 389 843 in
413 783 490 844 diem
515 782 636 861 cyathos
660 782 749 843 bibat.

205 874 239 936 Si
266 877 298 934 in
325 874 439 933 vessica
466 871 577 950 aliquid
605 871 757 932 molestiae
786 872 889 954 luerit,
922 878 995 937 nitri
1021 878 1185 941 llorem106

110 960 161 1021 vel
180 962 281 1023 sitlos
300 979 360 1023 non
379 962 478 1042 suerit,
502 963 600 1039 ipsum
619 962 733 1021 nitrum
753 968 891 1022 conteres
910 972 940 1024 et
959 984 1028 1027 cum
1047 986 1133 1050 aqua,

110 1054 145 1110 in
175 1068 234 1129 qua
262 1050 380 1112 coliculi
408 1051 486 1111 cocti
512 1049 637 1123 luerint,
665 1051 793 1129 vinoque
821 1052 919 1129 picato
943 1054 988 1113 vel
1011 1065 1132 1118 austero

62 1139 231 1201 1orubello
260 1141 420 1201 durissimo
449 1137 533 1200 dabis
560 1137 723 1198 bibendum
751 1157 806 1219 per
833 1140 967 1202 triduum
994 1144 1040 1205 vel
1066 1145 1132 1208 diu·

110 1232 185 1309 tius,
209 1232 236 1290 si
259 1232 298 1290 ita
323 1246 397 1307 opus
421 1229 524 1309 luerit3
548 1228 840 1305 magnificentissime
863 1231 1006 1309 proderit.

204 1316 304 1379 Prima
330 1317 397 1378 luce
425 1335 501 1396 puer
527 1318 610 1395 virgo
635 1334 735 1376 rorem
760 1318 796 1378 de
820 1318 898 1381 foliis
921 1320 1052 1383 caulium
1075 1336 1183 1387 err-107

111 1426 238 1469 cussum
261 1410 292 1467 iu
315 1425 391 1466 nova
414 1405 470 1466 olla
494 1407 634 1485 excipiat,
662 1424 723 1465 uon
750 1408 849 1468 minus
877 1413 1023 1472 sextarios
1047 1422 1130 1492 quat·

110 1508 196 1579 tuor,
226 1516 260 1557 eo
289 1496 400 1556 adicies
427 1493 524 1554 mellis
552 1497 737 1573 quartarium
764 1504 795 1556 et
821 1497 901 1557 faeni
928 1502 1027 1577 graeci
1051 1501 1129 1563 bene

65 1599 94 1639 1⁵
110 1587 248 1647 mundati
272 1591 303 1645 et
325 1584 378 1645 loti
401 1585 584 1662 quartarium
608 1591 639 1643 et
657 1582 817 1662 zingiberis
836 1588 939 1646 uncias
957 1596 1020 1648 tres
1039 1599 1128 1670 atque

109 1679 153 1736 ita
182 1676 331 1752 decoquas
358 1672 441 1733 horis
469 1671 566 1733 tribus
595 1678 624 1732 et
651 1671 721 1731 iude
749 1670 912 1735 bibendum
936 1675 1020 1737 dabis
1043 1698 1129 1741 mane

109 1766 213 1825 ieiuno
237 1762 385 1824 calculoso
405 1762 590 1841 quartarium
609 1767 769 1838 tepentem.
804 1760 883 1823 Haec
901 1768 982 1843 potio
1001 1784 1057 1845 per
1076 1772 1129 1830 tri·

110 1854 205 1914 duum
230 1860 348 1931 sumpta
370 1868 510 1911 mensura
534 1850 679 1928 quartarii
702 1858 732 1909 et
754 1853 899 1913 vessicam
923 1861 953 1915 et
976 1858 1128 1919 renioulos

110 1952 140 2004 et
163 1944 306 2003 intestina
329 1941 477 2000 universis
501 1936 639 1998 sordibus
663 1947 779 2017 purgat.

66 2041 93 2081 ²⁰
201 2031 317 2109 Piperis
345 2046 436 2109 grana
463 2026 555 2108 Vllll,
588 2027 722 2088 eiusdem
749 2029 891 2108 ponderis
919 2033 1024 2114 sulpur
1051 2039 1123 2098 trita
1131 2052 1180 2101 108

109 2120 201 2183 simul
224 2124 256 2180 iu
278 2122 346 2179 vino
370 2126 470 2178 vetere
495 2115 579 2176 dabis
602 2115 731 2179 bibenda
749 2120 849 2181 ieiuno
870 2121 1027 2205 calculoso,
1051 2126 1127 2187 solet

108 2212 212 2271 statim
235 2210 399 2288 perniciem
418 2206 588 2286 demovere,
612 2208 638 2265 si
656 2216 755 2268 tamen
774 2209 852 2271 ultra
871 2210 956 2271 dolor
974 2218 1127 2295 manserit,

107 2303 221 2361 iterum
244 2296 328 2358 dabis
352 2295 479 2356 similem
501 2295 662 2373 potionem.

200 2386 311 2447 Pellem
333 2385 443 2465 leporis
467 2392 618 2444 recentem
642 2385 673 2444 in
693 2384 749 2444 olla
768 2385 879 2447 munda
898 2389 942 2448 vel
961 2390 1061 2468 tegula
1080 2395 1179 2456 italos

66 2487 93 2527 2⁵
108 2496 179 2539 cum
201 2476 267 2537 lana
292 2492 344 2535 sua
369 2472 536 2552 combures,
560 2480 593 2531 ut
615 2474 647 2531 in
671 2474 881 2535 tenuissimum
905 2476 1060 2554 pulverem
1079 2498 1126 2541 re-

108 2568 213 2645 digere
240 2565 351 2644 possis,
385 2580 474 2641 quem
502 2560 666 2620 cribratum
694 2562 726 2619 in
753 2579 823 2622 vaso
853 2564 948 2625 nitido
979 2568 1125 2650 servabis3

107 2656 178 2716 inde
194 2672 263 2715 curn
277 2670 353 2731 opus
368 2651 466 2730 fuerit,
485 2651 542 2710 tria
557 2646 696 2709 cocliaria
709 2650 740 2709 in
754 2652 875 2729 potione
890 2652 974 2715 dabis
988 2655 1125 2740 bibenda,

108 2762 185 2824 quae
213 2761 264 2803 res
293 2744 355 2801 sive
379 2737 484 2800 calculi
507 2739 569 2798 sivo
592 2738 724 2799 vessicae
749 2738 866 2801 dolores
890 2745 1032 2805 continuo
1056 2764 1126 2807 con-

106 2835 213 2911 pescit.
260 2830 319 2891 Sed
347 2828 441 2889 multo
468 2828 620 2907 potentius
649 2828 707 2888 erit
733 2829 911 2912 remedium,
939 2834 966 2893 si
993 2833 1126 2914 leporem

68 2930 92 2970 ³⁰
108 2924 208 2982 rivum
237 2922 267 2980 in
296 2918 353 2980 olla
381 2935 456 2978 nova
484 2915 604 2977 claudas
633 2923 663 2976 et
692 2936 784 2997 gypso
815 2923 913 2982 omnia
942 2925 1125 3002 spiramenta

106 3012 185 3071 vasis
209 3008 348 3070 obstruas
372 3013 403 3067 et
424 3008 456 3067 iu
479 3005 567 3065 furno
590 3023 686 3085 usque
711 3006 747 3067 ad
769 3007 895 3070 favillam
918 3015 1125 3076 tenuissimam

106 3116 225 3161 cremes
247 3100 409 3176 tritamque
434 3102 464 3155 et
487 3092 646 3155 cribratam
665 3096 811 3158 recondas
832 3107 920 3178 atque
938 3102 1007 3163 inde
1027 3113 1125 3164 certas

107 3205 263 3250 mensuras
287 3189 319 3246 in
342 3186 462 3265 potione
485 3184 546 3243 vini
569 3184 677 3244 offeras
699 3184 857 3248 calculosis
880 3196 910 3248 et
934 3192 987 3268 qui
1005 3194 1124 3271 sangui·

106 3296 176 3339 nem
199 3278 352 3355 miugunt3
375 3274 450 3333 mire
475 3289 526 3332 eos
550 3271 677 3333 sanabis.

199 3409 349 3467 leolieoli.
396 3407 537 3463 evolem.
589 3407 741 3464 coelicoli.
794 3415 827 3464 14
841 3411 923 3467 cerba
936 3412 1014 3469 faeni
1026 3415 1123 3485 graeci

106 3487 178 3542 bene
192 3482 324 3538 mundati
343 3482 373 3536 eb
390 3478 445 3535 loli
459 3478 630 3547 quartarium
645 3479 675 3533 et
688 3496 739 3537 oea.
791 3486 823 3536 17
838 3484 945 3552 tepens.
997 3491 1031 3540 25
1046 3502 1122 3543 oum-

107 3558 199 3612 bures.
272 3559 307 3609 28
326 3550 428 3607 calculi
446 3550 558 3618 scripsi:
579 3549 703 3606 calculis.
776 3558 810 3606 ³2
829 3555 974 3612 recondes.

1174 3735 1258 3823 μ

1169 3851 1175 3893 l
