2609 4017
585 171 826 236 -384—

244 333 328 416 Irim,
352 343 520 396 castoreum
544 334 730 415 scillamque,
753 336 868 414 opium,
891 351 1064 414 panaceam,

244 423 397 504 Resinam,
420 424 565 504 lepidum,
589 423 772 504 enlorbium,
794 426 838 502 git
861 431 950 502 atquc
974 421 1156 502 pyretbrum,

245 512 384 592 Zingiber
407 521 437 574 et
460 513 601 594 calidum,
624 513 747 574 mordax
769 515 856 592 piper
879 520 909 573 et
932 511 1010 572 laser
1032 510 1131 589 algens

242 602 460 680 Agarioumque
484 619 663 680 asarumque
685 609 806 683 potens,
829 600 927 680 aloen,
951 601 1114 681 aconitum,
1218 614 1244 656 oa

243 689 383 769 Galbana,
408 690 611 770 sandaracam,
634 709 816 770 samsucum,
840 692 1005 769 psoricum,
1028 687 1157 767 alumen,

242 779 377 838 Acaciam
401 779 608 858 propolimqne
632 788 663 840 et
686 779 826 859 adarcen,
849 797 977 859 cnecon,
1000 776 1159 838 acanthum

241 866 440 927 andrachnen
464 886 633 948 acoronque
657 886 827 947 opopanace
849 865 1138 947 pompholygemque

242 954 389 1034 Cyperum
413 955 549 1017 ladanum
573 974 801 1036 sagapenonque
824 964 855 1016 et
877 954 1117 1034 tragacanthum,

242 1042 440 1127 Scamoniam,
464 1045 565 1126 cyphi,
587 1044 793 1106 malabathron
816 1040 889 1125 <et>
912 1045 1130 1104 ammoniaeon.
1219 1058 1244 1097 oo

241 1131 374 1210 Denique
398 1137 551 1212 repperies
574 1135 656 1212 istic,
679 1135 759 1213 quod
782 1134 858 1194 lucis
881 1136 912 1193 in
936 1141 1004 1193 ortu

240 1219 346 1302 ludus,
368 1222 475 1303 Arabs,
501 1222 603 1303 Seres,
625 1222 734 1283 Perses
757 1224 898 1301 divesque
922 1221 1053 1282 Sabaeus

241 1309 344 1369 Vicino
368 1310 424 1370 sub
448 1311 509 1372 sole
533 1311 649 1392 legunt,
674 1311 753 1390 quod
777 1311 900 1389 praebet
923 1309 1067 1389 Orontes,

240 1396 391 1458 Eximium
413 1401 515 1478 ignoto
538 1402 630 1461 mittit
653 1400 733 1479 quod
756 1399 842 1460 Nilus
866 1399 902 1460 ab
925 1407 1007 1479 ortu,

240 1485 420 1566 Decerptum
444 1488 536 1570 loliis,
559 1507 656 1569 ramo,
680 1496 771 1569 cute„
786 1490 911 1568 cortice,
934 1489 1029 1566 virga,
1221 1498 1246 1539 ⁶⁵

241 1574 387 1656 Quodque
410 1576 446 1637 ab
470 1576 616 1638 Idumaeis
640 1585 758 1638 vectum
782 1576 907 1656 seplasia
931 1574 1063 1636 venduut

239 1661 278 1723 Et
301 1665 442 1744 quicquid
467 1667 583 1726 confert
605 1666 730 1726 medicis
754 1664 865 1746 bagaca
888 1663 1029 1742 cataplus.

238 1751 318 1812 Haec
342 1755 523 1834 quicumque
546 1754 640 1833 leges,
664 1756 777 1833 poteris
801 1754 972 1815 discerncre
995 1760 1110 1834 tecum,

238 1841 432 1919 Agnoscenda
456 1845 548 1921 magis
572 1846 633 1904 sire
657 1843 823 1904 exercenda
846 1844 948 1903 rearis.

239 1927 371 2009 Quisque
395 1937 494 1992 tamen
516 1939 652 1992 nostrum
671 1932 729 1992 hoc
748 1933 880 1992 studium
899 1928 1073 2010 dignabere,
1097 1947 1209 2009 quaeso
1222 1943 1245 1981 ⁷⁰

238 2016 375 2079 Praestos
397 2020 542 2081 iudicium
558 2038 675 2099 ,purum
698 2029 887 2099 mentemque
910 2019 1076 2098 benignam

239 2104 288 2166 Sic
312 2114 362 2166 tua
385 2118 531 2186 perpetuo
554 2118 732 2188 vegetentur
754 2109 886 2169 membra
909 2111 1010 2186 vigore

237 2193 276 2254 Et
298 2212 422 2273 peragas
445 2196 591 2274 placidam
613 2215 670 2275 per
691 2197 783 2259 multa
806 2197 949 2258 decennia
973 2198 1070 2257 vitam.

238 2281 288 2343 Sic
311 2301 372 2342 non
394 2285 515 2345 incuses
538 2284 664 2345 validam
687 2286 891 2365 placidamque
916 2292 1065 2346 senectam

236 2371 298 2431 Nec
322 2371 376 2432 tibi
400 2375 438 2433 sit
461 2373 585 2434 medicis
608 2391 684 2452 opus
707 2393 848 2455 umqnam
870 2393 926 2435 nec
949 2373 1005 2434 tibi
1026 2391 1114 2434 casus
1223 2387 1247 2425 ⁷⁵

235 2460 296 2521 Aut
318 2461 440 2522 morbus
463 2463 580 2541 pariant
602 2462 696 2523 ullum
721 2463 898 2542 quandoque
922 2462 1067 2542 dolorem,

237 2549 295 2609 Sed
319 2549 424 2629 procul
448 2569 464 2611 a
488 2553 570 2612 curis
593 2561 623 2612 et
646 2569 718 2612 sano
742 2570 868 2630 corpore
891 2553 984 2632 rivas,

237 2637 375 2718 Quotque
398 2638 447 2699 bic
472 2648 542 2700 sunt
564 2657 683 2720 versus,
707 2648 752 2701 tot
774 2648 863 2719 agant
884 2648 935 2701 tua
956 2649 1092 2718 tempora
1109 2637 1208 2700 Ianos.

281 2813 315 2862 53
334 2809 472 2880 lepidum]
490 2811 517 2864 si
535 2811 613 2865 lectio
633 2816 672 2866 eei
690 2811 807 2879 integra,
825 2808 962 2879 lepidium
979 2810 1070 2865 dicere
1086 2811 1208 2864 υίάείατ.

191 2879 366 2948 euphorbum
387 2879 591 2936 Oonetantians.
693 2885 727 2934 69
747 2881 920 2950 sagapenion
939 2882 969 2935 et
986 2882 1208 2951 tragacantham

190 2949 278 3005 Riese.
388 2955 422 3004 60
440 2951 523 3020 cyphi
548 2953 661 3021 scripsi:
685 2967 774 3021 cypan
799 2951 958 3007 (iomariua
1049 2949 1121 3024 (et)
1140 2953 1206 3006 add.

190 3019 352 3076 Salmasius.
438 3025 472 3074 62
492 3023 584 3077 Persis
605 3022 764 3078 Ooroariuo.
851 3027 885 3077 67
904 3021 1017 3092 Lagaea
1036 3022 1206 3078 Salmasius:

189 3091 302 3162 lalagea
322 3091 480 3148 ocrearius.
556 3098 590 3147 74
608 3094 799 3163 placitamque
820 3092 979 3149 Oormaiuo.
