2609 4017
590 189 805 253 -13..

192 354 264 413 sitas
291 361 322 413 et
350 370 410 411 non
433 350 528 411 solum
552 354 690 431 antiquos
713 360 865 431 auctores,
887 369 941 430 per
964 369 1039 431 quos
1067 360 1207 413 consum·

191 447 290 502 matur
318 440 477 521 professio,
501 439 620 519 quidam
643 442 794 520 ignorant,
825 440 878 501 sed
904 443 994 501 etiam
1020 442 1208 501 comminisci

139 536 174 587 10
193 530 265 591 falsa
288 530 325 590 de
348 531 385 589 iis
408 528 526 589 audent.
568 528 624 589 Ubi
653 532 732 589 enim
758 529 891 591 delectus
914 546 974 589 non
996 536 1044 590 est
1065 548 1207 609 persona·

192 638 272 698 rum,
308 618 360 678 sed
388 618 493 678 eodem
521 618 608 678 modo
635 618 732 679 malus
759 618 915 698 bonusque
945 618 1084 697 habetur,
1117 618 1206 679 disci·

191 707 289 787 plinae
317 725 351 767 ac
382 715 480 767 sectae
512 706 679 767 observatio
711 709 803 786 perit,
835 707 974 787 quodque
1007 710 1071 767 sine
1103 706 1237 767 labores

192 803 291 875 potest
309 798 482 874 contingere
501 796 639 875 idemque
655 796 830 875 dignitatem
845 805 933 875 atque
948 795 1107 857 utilitatem
1120 813 1206 873 prae·

193 893 272 945 stare
291 885 418 963 videtur,
437 884 466 944 id
486 902 565 945 unars
584 886 711 963 quisque
725 887 820 963 magis
833 886 978 964 sequitur.
1011 884 1062 945 Sic
1075 891 1110 944 ut
1123 886 1206 963 quis·

193 991 250 1052 que
278 972 371 1054 volet,
399 974 488 1034 faciet
514 973 700 1034 medicinam.
743 972 892 1044 Quosdam
920 976 999 1034 enim
1024 992 1041 1033 a
1063 991 1207 1051 perverso

191 1065 344 1141 proposito
373 1080 461 1123 nemo
488 1070 587 1140 potest
609 1080 729 1123 morere
758 1071 788 1123 et
814 1080 885 1122 sane
908 1062 1046 1123 omnibus
1069 1063 1208 1141 permisit

191 1150 318 1211 liberum
338 1150 494 1211 arbitrium
513 1150 686 1229 magnitudo
704 1152 899 1229 professionis
917 1153 992 1212 eius.
1025 1150 1133 1212 llultos
1152 1152 1206 1211 ita·
1220 1169 1249 1209 ro

192 1257 250 1319 que
278 1240 539 1300 animadvertimus
566 1241 658 1300 unius
690 1241 871 1301 infirmitatis
903 1240 1050 1301 sanandae
1081 1241 1207 1300 scientia

140 1334 172 1383 11
192 1328 301 1389 medici
314 1328 435 1407 plenum
452 1346 560 1389 nomen
577 1337 764 1390 consecutos.
783 1328 845 1389 Nos
857 1346 928 1389 vero
941 1328 978 1389 ab
992 1330 1078 1389 initio
1092 1335 1207 1389 rectam

191 1420 268 1478 viam
296 1418 393 1477 secuti
416 1416 488 1477 nihil
511 1418 596 1496 prius
624 1416 682 1494 [in]
706 1420 800 1479 totius
823 1420 895 1479 artis
915 1420 1118 1498 perceptione,
1147 1435 1207 1496 qna

191 1506 305 1565 bomini
328 1507 521 1585 permittitur,
544 1504 753 1584 iudicavimus,
777 1508 845 1585 quia
868 1524 904 1566 ex
927 1506 982 1567 hac
1006 1508 1103 1566 omnia
1126 1523 1206 1566 com·

191 1594 278 1655 moda
302 1602 516 1656 consecuturos
540 1612 595 1655 nos
614 1594 868 1672 existimabamus,
892 1613 953 1656 non
976 1595 1092 1655 medius
1114 1593 1204 1654 lidius
1216 1611 1246 1653 1⁵

191 1692 250 1744 tam
283 1686 427 1762 pecuniae
460 1690 512 1744 aut
545 1683 657 1761 gloriae
674 1684 853 1764 ,cupiditate
886 1701 973 1763 quam
1004 1685 1100 1762 ipsius
1130 1684 1206 1743 artis

192 1774 325 1833 scientia.
367 1772 506 1851 Magnum
534 1775 613 1833 enim
642 1780 673 1833 et
697 1791 786 1851 supra
810 1772 939 1833 hominis
961 1780 1097 1834 naturam
1120 1771 1205 1832 duxi·

191 1878 257 1921 mus
287 1878 374 1939 posse
403 1861 531 1939 aliquem
559 1864 638 1921 tueri
665 1861 711 1921 vel
739 1863 907 1941 reciperare
941 1879 1025 1921 suam
1057 1869 1087 1921 et
1114 1862 1206 1921 unius

191 1950 337 2027 cuiusque
364 1948 472 2010 bonam
500 1948 709 2011 valetudinem.
749 1948 852 2028 ltaque
880 1957 914 2010 ut
937 1952 1046 2011 ceteris
1068 1948 1206 2029 partibus

191 2036 379 2119 disciplinae,
407 2039 448 2097 ita
475 2036 546 2098 huic
570 2055 702 2118 quoque,
732 2056 807 2117 quae
834 2056 889 2117 per
912 2038 1125 2099 medicamenta
1147 2041 1205 2098 vir·
1220 2054 1246 2095 so

190 2134 285 2188 tutem
315 2143 398 2187 suam
422 2125 554 2207 exhibet,
587 2128 705 2187 curiose
733 2128 898 2188 institimus
925 2145 961 2187 eo
990 2130 1097 2209 magis,
1124 2128 1205 2207 quod

192 2214 431 2294 percipiebamus
454 2216 486 2274 in
510 2214 573 2274 dies
597 2232 632 2275 ex
656 2234 713 2275 usu
737 2217 890 2294 proiectus
913 2218 992 2296 eius,
1016 2235 1090 2296 quos
1113 2218 1206 2277 inter·

193 2304 263 2364 dum
292 2321 382 2381 supra
410 2302 498 2363 fidem
533 2312 621 2383 atque
654 2306 823 2383 opinionem
855 2304 1052 2383 plurimorum
1084 2304 1205 2365 exbibe-

139 2397 172 2447 Η
192 2390 305 2453 bamus.
337 2391 396 2452 Sed
415 2392 485 2471 quid
505 2390 583 2452 ultra
602 2410 678 2470 opus
699 2400 746 2453 est
759 2392 886 2473 probare
901 2396 1103 2455 necessarium
1116 2412 1206 2455 usum

192 2498 258 2541 esse
281 2480 579 2561 medicamentorum,
602 2483 762 2559 praecipue
786 2480 854 2563 tibi,
878 2484 930 2561 qui
952 2484 1022 2560 quia
1043 2483 1206 2562 percepisti
1220 2498 1245 2540 ss

192 2566 350 2629 utilitatem
385 2586 506 2651 eorum,
538 2568 650 2629 idcirco
684 2589 699 2630 a
731 2587 779 2630 me
811 2572 1032 2649 conpositiones
1049 2571 1205 2650 quasdam

191 2654 315 2737 petisti?
355 2658 418 2736 Ego
442 2667 541 2719 autem
564 2676 679 2718 memor
701 2659 894 2719 humanitatis
917 2667 985 2720 tuae
1008 2660 1205 2738 candorisque

191 2748 283 2807 animi
311 2748 368 2826 tui,
396 2765 484 2824 quem
513 2746 651 2806 omnibus
680 2747 800 2825 quidem
827 2747 998 2809 hominibus
1023 2748 1204 2829 plenissime,

191 2834 264 2894 mibi
283 2836 371 2894 etiam
390 2834 580 2911 peculiariter
599 2843 741 2915 praestas,
764 2854 824 2913 non
843 2836 938 2896 solum
958 2856 1033 2915 quae
1053 2837 1205 2898 desideras

191 2922 331 3003 remedia,
353 2939 457 2981 verum
482 2923 570 2982 etiam
594 2924 620 2982 si
643 2941 701 3001 qua
725 2923 780 2983 alia
799 2924 835 2985 de
854 2927 985 3003 expertis
1004 2927 1035 2986 in
1054 2928 1205 3005 praesenti
1218 2947 1245 2989 so

261 3132 276 3179 3
296 3126 330 3181 de
348 3125 397 3199 iis]
422 3127 475 3181 diis
496 3133 543 3182 lm
562 3129 654 3184 littera
671 3129 692 3183 h
709 3145 796 3199 supra
812 3133 924 3201 scripta.
1022 3138 1038 3187 6
1057 3131 1201 3203 idemque]

189 3201 219 3252 et
236 3198 265 3252 in
285 3213 348 3267 qno.
449 3198 597 3267 dignitatis
620 3218 645 3255 a.
664 3200 803 3258 utilitatis.
902 3207 997 3271 'lpoet
1012 3202 1125 3257 ridetur
1143 3205 1201 3259 cod.

189 3270 252 3323 odd.
271 3268 394 3338 utilitas,
421 3269 571 3325 Carnarius
589 3271 755 3340 aequalitas.
859 3274 912 3346 sic]
931 3272 990 3328 sed.
1089 3273 1203 3328 8rolet

190 3345 240 3396 lm
263 3340 400 3398 vultam.
524 3346 556 3395 15
579 3342 687 3397 medios
710 3344 798 3400 lidios.
917 3349 951 3399 18
976 3344 1134 3414 reciperare
1153 3348 1209 3399 Im-

187 3428 352 3480 recnperere
383 3418 443 3468 2m.
552 3418 585 3467 19
617 3413 810 3469 valetudinem
843 3421 859 3470 1
866 3433 894 3470 m
923 3415 1108 3472 vslitudinem
1140 3420 1201 3471 zm.

188 3488 221 3536 21
241 3481 393 3538 institimus
416 3489 464 3538 1m
486 3482 661 3538 instituimus
679 3490 738 3541 2m.
829 3503 861 3541 eo
884 3504 935 3542 om.
1027 3492 1062 3541 25
1086 3486 1134 3555 qni
1152 3491 1202 3540 1m

188 3570 259 3623 quae
277 3560 337 3611 2aa.
