2609 4017
581 165 824 230 -382-

195 329 293 410 pulvis
315 329 478 409 specularis
498 330 595 389 exusti
614 337 643 389 et
663 330 831 391 diutissime
848 330 984 409 agitatur.
1021 327 1097 389 Tum
1116 329 1211 388 medi·

197 437 300 480 camon
328 419 424 479 adhuc
451 417 695 497 pseudocalidum
722 419 900 480 diffunditur
926 420 957 478 in
980 419 1156 478 mortarium
1179 426 1211 478 et

196 506 256 569 illic
284 507 452 568 diutissime
480 505 617 568 manibus
646 506 795 586 subigitur
827 515 916 586 atque
945 506 1016 568 inde
1042 509 1075 567 in
1101 506 1210 585 pyxide

198 604 249 657 ant
276 598 307 656 in
335 594 442 657 doliolo
467 596 561 656 vitreo
584 598 749 674 reponitur.
790 596 877 667 Quod
900 595 1151 656 medicamentum
1172 594 1210 654 ad

198 703 301 745 omnes
329 683 519 744 collectiones
547 692 577 745 et
604 684 757 762 glandulas
786 695 817 747 et
843 685 993 764 parotidas
1022 692 1053 744 et
1080 693 1235 745 strumass

197 772 285 834 etad
310 790 413 832 omnes
437 780 570 832 tumores
597 781 628 833 et
653 773 690 833 ad
714 792 817 835 omnes
840 773 975 852 pustulas
998 782 1029 834 et
1052 773 1090 833 ad
1112 775 1211 833 omnia

196 860 318 922 vulnera
341 861 470 922 sananda
493 864 733 939 potentissimum
756 871 803 924 est
821 880 937 922 necnon
955 871 987 923 et
1004 862 1042 922 ad
1066 860 1210 922 stomachi

197 958 227 1010 et
250 951 397 1010 viscerum
421 951 491 1010 vitia
514 958 545 1010 et
568 951 603 1010 ad
627 950 729 1012 lateris
752 961 783 1012 et
805 952 922 1012 renium
941 959 972 1011 et
989 949 1165 1011 lumborum
1182 957 1212 1011 et

197 1056 338 1099 coxarum
366 1038 483 1099 dolores
511 1039 751 1101 efficacissimum
782 1049 844 1120 est3
876 1041 975 1100 nervis
1002 1057 1125 1119 qnoque
1153 1038 1210 1118 pla-

198 1127 299 1188 candis
323 1135 353 1188 ct
376 1127 521 1188 luxaturis
545 1135 575 1188 et
598 1127 739 1189 fracturis
762 1128 924 1190 solidandis
942 1127 1140 1189 utilissimum
1159 1137 1209 1188 cst.
1223 1145 1247 1184 ro

242 1658 327 1729 Quod
352 1666 453 1718 natom
477 1657 614 1718 Phoebus
638 1658 753 1739 docuit,
777 1659 856 1739 quod
881 1659 993 1720 Chiron
1015 1657 1177 1741 Achillem,

243 1746 328 1817 Quod
351 1746 482 1806 didicere
506 1746 575 1806 olim
598 1746 766 1808 Podalirius
790 1756 879 1828 atque
902 1747 1045 1809 Machaon

241 1837 265 1894 Α
288 1837 422 1913 genitore
446 1853 515 1916 suo,
538 1837 589 1914 qui
613 1835 761 1915 quondam
785 1855 888 1898 versus
913 1839 942 1898 in
966 1854 1094 1916 anguem

242 1922 364 2003 Templa
387 1922 536 1984 Palatinae
560 1923 652 1984 suhiit
676 1923 812 1985 sublimia
836 1925 960 2007 Romae,

241 2010 327 2081 Quod
351 2011 429 2072 Cous
453 2011 555 2074 docuit
578 2015 678 2073 senior
702 2014 841 2092 quodque
864 2014 980 2074 Ahdcra
1003 2015 1111 2093 suasit,
1222 2032 1234 2072 s

241 2099 326 2170 Quod
350 2099 432 2178 logos
456 2109 507 2161 ant
530 2101 686 2162 methodos
710 2102 895 2182 simplexque
918 2104 1059 2182 empirica
1083 2105 1200 2183 pangit:

241 2186 304 2246 lloc
328 2186 404 2246 liher
427 2189 484 2263 iste
508 2196 590 2250 tenet
613 2190 731 2250 diverso
755 2209 771 2250 e
795 2191 931 2270 dogmate
955 2200 1116 2271 sumptum.

240 2274 374 2354 Namque
397 2275 563 2337 salutiferas
588 2278 720 2358 disponit
743 2282 848 2358 pagina
871 2299 966 2341 curas.

240 2364 311 2425 Istic
335 2366 488 2444 repperies
511 2383 565 2444 per
589 2370 707 2428 nomina
730 2386 844 2447 perque
868 2369 1008 2430 medellas

241 2454 410 2533 Descriptas
434 2456 550 2533 species
574 2465 604 2516 et
625 2457 757 2536 pondera
781 2475 988 2519 mensurarum
1222 2475 1245 2514 1⁰

242 2542 391 2624 congrua,
415 2561 491 2622 qnae
515 2546 633 2623 sapiens
657 2563 758 2606 sumes
780 2546 981 2607 moderamine
1004 2554 1098 2607 certo.

240 2631 283 2691 Nc
308 2631 422 2712 lallare,
445 2632 525 2714 ride,
547 2651 606 2693 nen
630 2646 706 2712 quae
730 2643 800 2694 sunt
823 2644 907 2714 parta
931 2634 1019 2696 saluti

242 2718 344 2780 Vertat
366 2722 397 2780 in
421 2722 544 2782 exitium
567 2740 626 2783 non
651 2722 756 2783 sollers
779 2741 851 2784 cura
875 2723 1029 2784 medentis.

242 2809 333 2868 Sume
357 2811 449 2887 igitur
471 2810 603 2870 medicos
626 2829 681 2888 pro
705 2820 839 2890 tempore
862 2830 977 2891 proque
999 2810 1101 2872 lahore

241 2896 413 2975 notatisque
436 2896 539 2958 hahitn
564 2917 679 2960 summa
701 2901 816 2960 ratione
839 2910 972 2980 paratos,
1220 2910 1243 2950 1⁵

242 2984 379 3045 Gramine
404 3003 458 3045 seu
480 2987 565 3046 malis
589 3005 679 3066 aegro
703 2997 855 3066 praestare
878 2989 1032 3049 medellam

242 3072 378 3134 Carmine
402 3092 456 3134 seu
478 3077 591 3153 potius:
615 3094 742 3155 namque
767 3084 813 3137 est
836 3095 885 3138 res
908 3088 990 3138 certa
1014 3076 1104 3138 saluti

242 3161 367 3222 Carmen
391 3162 426 3223 ab
451 3163 575 3224 occultis
599 3165 736 3225 trihnens
759 3166 900 3227 miracula
925 3166 1030 3226 verbis.

241 3249 323 3320 Quae
347 3253 428 3311 curis
451 3251 604 3313 hominnm
628 3253 820 3332 physicorum
844 3257 963 3315 inventa
986 3262 1142 3334 pararunt,

286 3456 445 3510 emedalas
467 3456 626 3512 (lotharios.
702 3465 734 3512 13
754 3460 841 3514 solers
860 3461 938 3516 idean.
1018 3465 1051 3514 16
1069 3459 1205 3512 medelam

196 3523 275 3578 idea
350 3530 381 3578 m
402 3526 502 3578 salutis
522 3527 677 3582 Buecheler.
752 3535 784 3582 19
804 3530 930 3598 pararint
948 3530 1111 3586 Carnarius.
