2609 4017
180 347 269 419 atque
291 339 360 432 ideo
381 357 440 399 non
459 340 539 401 idem
558 339 696 400 omnibus
714 347 875 421 praestant,
894 357 961 400 cum
980 339 1102 399 interim
1121 337 1198 398 haec

181 429 305 489 mirifica
333 436 534 507 temperatura
562 431 726 507 composita
754 429 896 489 mirificos
924 427 1047 488 effectus
1078 425 1197 486 habeat.

146 535 162 583 a
270 516 354 578 Facit
372 534 442 577 vero
460 516 518 578 hoe
537 516 785 578 medicamentum
804 535 863 577 non
883 515 979 576 solum
993 515 1029 576 ad
1049 513 1198 574 stomachi

181 614 212 667 et
239 605 341 666 lateris
368 605 515 685 dolorem,
542 605 594 667 sed
623 609 713 667 etiam
740 605 777 666 ad
800 605 885 685 plura
914 607 985 665 vitia
1017 603 1196 683 efficaciter3

182 693 374 774 quamobrem
398 712 516 773 semper
534 693 704 755 habendum
719 702 765 755 est
779 695 984 773 compositum.
1016 690 1224 753 Percurram⁵
1293 683 1294 738 ἕ

181 791 281 844 autem
302 801 391 862 quam
404 780 588 864 brevissime,
607 783 644 844 ad
660 802 735 863 quae
751 785 820 844 vitia
834 782 960 862 qualiter
974 781 1076 843 datum
1091 782 1196 862 prosit,

182 878 216 931 ut
239 880 270 932 et
291 872 323 931 in
346 870 445 932 libello
470 873 535 932 eius
558 874 705 951 scriptum
729 879 775 932 est
797 879 828 932 et
850 889 904 950 ego
928 889 964 931 ex
985 888 1092 948 magna
1110 876 1196 948 parte

182 967 324 1038 expertus
347 978 423 1022 sum.

147 1067 164 1115 3
273 1047 363 1109 Sanat
385 1066 456 1128 ergo
480 1047 584 1109 morbo
608 1048 750 1111 comitiali
773 1057 936 1129 correptos,
961 1065 1036 1126 quos
1059 1044 1196 1124 epilepti-

183 1154 234 1198 cos
258 1136 364 1198 Graeei
386 1146 505 1219 vocant,
527 1145 558 1198 ct
581 1138 724 1219 furiosos,
753 1155 828 1216 quos
851 1153 1060 1197 maenomenos
1083 1134 1197 1195 dicunt.
1213 1147 1241 1186 ιο

183 1225 259 1286 Item
286 1234 370 1288 sanat
396 1225 506 1306 quibus
534 1225 634 1287 subito
663 1225 804 1287 tenebrae
828 1225 1024 1286 obversantur
1047 1225 1078 1283 in
1102 1222 1197 1283 oculis

183 1332 252 1374 cum
275 1316 420 1394 vertigine
445 1315 580 1396 quadam,
603 1317 812 1376 scotomaticos
831 1314 886 1375 hos
909 1313 1014 1374 Graeci
1039 1310 1198 1392 appellant,

183 1420 239 1463 nee
266 1404 366 1464 minus
393 1402 509 1464 diutino
535 1406 682 1483 correptis
705 1405 811 1484 capitis
834 1402 949 1483 dolore,
977 1419 1066 1481 quem
1089 1399 1198 1477 cepha·

183 1490 276 1552 laeam
300 1491 462 1575 appellant,
489 1492 613 1572 prodest
639 1492 708 1553 data
735 1492 865 1553 denariis
892 1491 1009 1552 duobus
1037 1508 1074 1550 ex
1102 1505 1199 1568 aquae
1294 1545 1295 1552 ,

184 1579 297 1641 mulsae
325 1581 438 1661 cyathis
467 1590 620 1662 quattuor,
648 1599 718 1644 cum
743 1583 861 1642 remissi
883 1580 1008 1660 fuerint,
1035 1585 1066 1639 et
1089 1579 1116 1638 si
1139 1579 1245 1637 irc-1⁵
1294 1601 1295 1604 ¹

185 1677 325 1750 quenter,
353 1669 462 1749 quibus
489 1672 657 1732 necessaria
686 1678 746 1751 est,
774 1671 988 1749 corripientur,
1016 1676 1086 1748 post
1112 1665 1200 1726 binas

185 1766 321 1820 temasre
344 1760 532 1820 accessiones
555 1758 649 1819 danda
674 1761 739 1819 erit.
773 1757 853 1818 Haec
877 1756 1025 1818 antidotus
1047 1755 1132 1816 hiera
1157 1754 1201 1814 di-

186 1849 279 1928 citur3
301 1846 358 1908 hoc
381 1850 461 1908 enim
484 1866 593 1908 nomen
615 1846 722 1908 tribuit
745 1849 773 1907 ei
795 1856 918 1928 propter
936 1845 1010 1906 duas
1029 1861 1145 1924 causas,
1167 1852 1202 1903 ut

186 1937 337 2016 existim03
360 1953 458 2017 unam,
482 1955 520 1997 ne
539 1954 648 1997 nomen
667 1938 732 1996 eius
750 1953 854 1996 verum
872 1933 998 1996 dicendo
1017 1931 1201 2012 ostenderet,

187 2041 262 2102 quae
286 2031 366 2084 esset
380 2055 423 2066 -
437 2023 548 2085 dieitur
571 2027 650 2085 enim
669 2043 686 2084 a
705 2023 883 2104 quibusdam
900 2025 993 2104 picra,
1011 2023 1082 2102 quia
1101 2039 1201 2082 amara
1216 2033 1246 2076 ro

186 2118 241 2191 est,
265 2129 281 2170 a
304 2110 482 2191 quibusdam
505 2112 552 2173 dia
576 2112 800 2193 colocynthidos
820 2111 1012 2191 -alteram,
1033 2109 1201 2190 quodideo

186 2198 314 2259 inditum
338 2209 392 2282 est,
417 2219 475 2280 quo
493 2203 588 2280 magis
606 2202 664 2262 sub
683 2208 763 2262 tanta
783 2202 882 2281 specie
901 2202 1030 2261 nominis
1050 2216 1201 2260 commen·

186 2287 272 2348 daret
299 2287 555 2351 medicamentum.
602 2289 661 2351 Sed
690 2292 716 2351 si
743 2290 830 2369 longo
859 2308 896 2350 ex
922 2286 1077 2350 intervallo
1100 2304 1202 2348 acces·

188 2375 323 2438 sionibus
342 2380 580 2460 suprascriptis,
603 2378 713 2459 quibus
732 2377 911 2439 medendum
930 2387 984 2459 est,
1003 2375 1201 2457 vexabuntur,
1295 2389 1296 2414 ³

186 2468 218 2526 in
241 2468 417 2528 remissione
440 2485 543 2529 earum
571 2476 602 2529 et
628 2470 660 2528 in
683 2468 739 2528 atio
763 2473 851 2547 atque
875 2467 932 2528 alio
955 2466 1058 2528 dolore
1081 2467 1202 2544 saepius
1218 2478 1249 2520 ²⁵
1295 2463 1296 2468 ’

187 2555 317 2616 dandum
340 2558 398 2617 erit
420 2556 683 2637 medicamentum3
710 2558 751 2617 ita
779 2558 858 2616 enim
885 2565 936 2617 aut
959 2574 995 2616 ex
1018 2563 1082 2615 toto
1105 2571 1202 2615 reme

187 2643 318 2706 diabitur
341 2653 392 2706 aut
414 2654 496 2707 certe
520 2647 672 2707 minuetur
692 2647 822 2724 impetus
839 2645 979 2705 vitiorum
998 2651 1029 2704 et
1048 2641 1203 2704 sedabitur

187 2733 400 2813 intervallaque
424 2736 535 2795 maiora
553 2736 688 2813 accipiet.
721 2733 790 2794 Dari
808 2741 907 2794 autern
927 2730 1077 2812 oportebit
1095 2747 1202 2792 secun·

188 2822 257 2882 dum
286 2823 492 2901 purgationem
520 2821 601 2904 bilis,
628 2841 697 2882 nam
725 2821 816 2882 fellita
844 2829 874 2882 et
898 2838 1037 2900 spumosa
1061 2828 1091 2880 et
1114 2818 1203 2898 gluti·

188 2927 261 2969 nosa
289 2909 422 2970 deiciunt
448 2912 500 2990 qui
528 2912 711 2991 acceperint,
740 2929 808 2971 cum
831 2912 965 2989 ptisanae
989 2927 1125 2970 cremore
1149 2916 1201 2969 aut
1218 2922 1248 2962 εο

189 3015 257 3058 eum
280 2996 382 3058 holere
405 2997 463 3058 leri
486 3017 522 3059 ex
545 3002 641 3060 urtica
665 3008 695 3060 et
718 2999 835 3078 lapatho
859 3007 890 3060 et
912 2998 1005 3060 malva
1028 2998 1115 3059 iacto.

153 3100 170 3148 4
278 3085 362 3146 Facit
387 3085 464 3146 bene
491 3086 564 3148 baec
592 3089 768 3168 compositio
796 3096 826 3149 et
852 3087 889 3149 ad
917 3088 1080 3166 suspirium
1111 3093 1140 3146 et
1166 3085 1203 3146 ad

189 3177 271 3236 vocis
293 3173 490 3235 abscisionem
514 3184 543 3237 et
566 3176 602 3237 ad
626 3177 740 3238 subitas
758 3177 994 3256 praefocationes
1013 3193 1049 3235 ex
1069 3173 1205 3254 qualibet

189 3283 277 3325 causa
296 3272 376 3325 ortas
394 3271 425 3324 et
443 3262 479 3324 ad
498 3281 559 3345 eos,
578 3267 630 3344 qui
648 3283 736 3345 saepe
755 3267 925 3326 existimant
936 3283 975 3325 'se
994 3262 1032 3324 ab
1051 3261 1204 3324 incubone

279 3475 311 3524 21
336 3470 418 3524 cuba
439 3468 514 3536 quod
536 3468 600 3522 ideo
622 3467 744 3522 inditum
764 3471 820 3537 est,
843 3485 913 3539 quac
931 3486 948 3523 a
968 3469 1007 3524 ud
1025 3467 1207 3524 Scribonium

189 3541 296 3607 detonet,
314 3539 429 3595 delenda
446 3539 581 3594 videntem
654 3545 688 3593 33
707 3537 907 3596 abscissionem
948 3540 1087 3595 martem

59 3686 214 3803 ,ψ
