2609 4017
598 196 836 260 ...364-

209 362 251 420 ita
279 377 366 420 omne
395 361 494 419 vintrus
522 367 719 438 excoquatur,
746 369 781 418 ut
808 360 854 418 vix
883 361 1031 418 sextarius
1058 367 1214 438 remaneat;

210 458 312 537 postea
337 448 445 509 adicies
469 465 554 509 cerae
578 448 662 508 rulae
688 445 785 506 —Vl
813 456 843 506 et
866 446 937 506 dum
961 447 1068 527 servet,
1095 449 1212 525 coagita-

211 537 257 598 bis
281 545 311 598 et
334 536 482 598 sublatum
504 536 540 596 de
560 537 625 597 loco
645 536 827 596 medicamen
847 535 1023 615 diutissime,
1046 536 1115 595 dum
1133 535 1212 594 rclri-

211 634 341 705 geretur,
365 625 488 704 agitabis
512 633 542 686 et
565 643 633 686 cum
657 642 751 684 unum
769 641 879 702 corpus
897 626 962 684 cius
980 624 1097 698 leceris,
1118 626 1148 683 iu
1166 624 1212 684 do

211 713 311 774 liolum
339 716 467 773 vitreum
499 721 551 773 aut
577 713 715 792 pyxidem
743 721 895 790 stagneam
923 713 1069 773 recondes
1095 721 1124 772 et
1149 730 1237 773 sums

211 821 286 881 opus
309 802 412 882 luerit,
438 819 543 880 parurn
566 802 771 864 medicaminis
794 800 875 881 loco,
898 803 949 878 qui
977 801 1127 861 curandus
1152 803 1212 881 erit,

210 894 355 968 impones,
380 889 432 950 sed
456 889 506 950 diu
525 890 703 968 peririoabis
726 907 759 949 ac
782 896 884 966 postea
907 888 999 950 linteo
1022 888 1159 969 involves,
1179 908 1213 948 ne

210 979 383 1039 indumenta
401 981 609 1058 inquinentur3
629 978 708 1057 quod
729 977 893 1038 remedium
912 988 980 1056 post
998 977 1135 1038 balneum
1152 995 1213 1038 ner·

211 1070 254 1127 vis
282 1066 420 1127 relaxatis
447 1069 671 1127 convenientius
698 1067 763 1146 liet3
793 1066 845 1125 sed
872 1068 922 1126 cui
950 1066 1129 1127 medendum
1155 1069 1215 1145 erit,

211 1155 371 1234 liquamine
395 1164 425 1215 et
448 1157 570 1233 porcina
593 1155 743 1216 abstinere
767 1154 895 1216 debebit
1226 1173 1249 1212 ιο

157 1258 192 1306 24
300 1244 453 1322 Decamyri
481 1243 661 1304 calefactorii
686 1243 833 1303 conlectio
856 1242 892 1302 ad
916 1261 1023 1303 nervos
1047 1244 1216 1304 confirman-

211 1332 264 1392 dos
288 1340 318 1392 et
341 1331 519 1392 recreandos
539 1340 608 1410 post
625 1334 765 1392 iniuriam
784 1331 903 1410 lrigoris
922 1338 974 1391 aut
992 1331 1120 1410 aliquam
1139 1350 1216 1392 vexa·

211 1422 322 1480 tionem
351 1422 407 1481 sic:
441 1419 576 1480 Eulorbii
598 1453 643 1464 -
666 1419 692 1498 l,
720 1419 854 1498 pyrethri
876 1453 921 1463 -
943 1418 969 1491 1,
997 1438 1113 1499 myrrae
1140 1419 1217 1497 -l,

210 1511 318 1569 amomi
338 1541 376 1551 -
394 1508 415 1587 l,
435 1507 498 1568 lolii
518 1507 595 1588 -1,
614 1511 726 1587 piperis
745 1541 788 1552 -
803 1507 825 1588 l,
842 1510 967 1587 styracis
988 1501 1118 1593 ,QVllb
1136 1526 1217 1568 cerae

212 1590 343 1683 ,dviii
367 1597 452 1657 nardi
472 1589 512 1683 19·
531 1596 604 1676 Vlll,
628 1596 809 1675 opobalsami
830 1589 869 1682 ξι
889 1596 961 1657 Vlll.
994 1597 1035 1656 lle
1058 1597 1106 1656 bis
1129 1600 1250 1657 omni-u

211 1685 267 1746 bus
286 1688 383 1745 tunsis
403 1685 540 1746 cribratis
559 1687 753 1764 remissisque
772 1685 864 1744 iacies
883 1703 970 1745 unam
995 1687 1217 1762 conlectionem,

210 1791 298 1852 quam
321 1776 351 1833 in
374 1773 512 1852 pyxidem
535 1773 662 1852 ligneam
685 1782 738 1834 aut
761 1791 901 1833 corneam
924 1773 1070 1834 recondes
1099 1782 1131 1834 ct
1154 1792 1218 1834 cum

211 1880 285 1940 opus
309 1862 407 1943 luerit,
430 1864 533 1923 uteris.

158 1962 190 2012 25
299 1949 372 2010 ltem
402 1951 438 2010 ad
467 1950 568 2010 eadem
597 1968 723 2029 acopum
751 1950 787 2010 de
816 1949 973 2027 speciebus
1002 1968 1107 2010 novem
1131 1951 1218 2011 iacies

211 2039 267 2097 sic:
299 2037 458 2098 Mastiches
487 2031 597 2125 19-Vl,
626 2039 752 2116 styracis
776 2030 816 2124 19·
837 2037 887 2118 Vl,
915 2038 1000 2098 nardi
1027 2046 1058 2098 et
1080 2039 1251 2099 dictamnis

210 2125 398 2206 tantundem,
421 2125 478 2185 olei
501 2127 604 2186 viridis
628 2119 668 2213 19·
689 2125 755 2204 XX,
783 2126 840 2186 olei
863 2125 988 2205 phyllini
1011 2118 1051 2212 19·
1071 2125 1138 2207 XX,
1166 2127 1220 2188 olei

210 2215 331 2292 myrtini
350 2206 390 2299 ,pl
409 2211 444 2293 X,
468 2231 553 2274 cerae
572 2248 614 2257 —
633 2214 684 2294 tx,
703 2214 884 2294 opobalsami
903 2208 942 2301 ξι
963 2213 1007 2275 Vl.
1044 2214 1124 2276 llaec
1143 2218 1219 2276 simi·

209 2300 278 2361 liter
296 2308 330 2362 ut
349 2319 438 2380 supra
454 2304 565 2380 scripta
585 2304 726 2364 conficies
746 2310 776 2363 et
789 2302 935 2363 recondes
948 2311 979 2363 et
992 2303 1130 2363 similiter
1144 2303 1218 2364 lenta

210 2397 240 2450 ct
263 2387 356 2450 calida
378 2407 465 2451 manu
485 2391 650 2469 perfricans
670 2392 705 2451 ad
725 2391 884 2470 placandos
902 2410 936 2451 ac
955 2392 1137 2470 reparandos
1155 2411 1217 2452 uer·

209 2497 262 2539 vos
285 2481 387 2538 uteris.
1229 2496 1252 2536 ss

157 2579 191 2628 26
300 2567 416 2646 Stirpes
435 2566 582 2628 brassicae
601 2585 670 2628 cum
684 2568 834 2628 radicibus
848 2570 912 2628 suis
925 2567 1093 2628 comburito
1107 2587 1218 2630 earum·

211 2673 268 2734 que
297 2657 428 2715 cinerem
456 2663 538 2716 aceto
566 2659 756 2735 conspargito
781 2665 812 2716 et
834 2657 948 2717 adiecta
971 2664 1071 2716 vetere
1095 2661 1217 2737 axungia

210 2743 348 2823 subigito,
367 2743 396 2803 id
416 2743 558 2822 malagma
578 2747 750 2822 impositum
771 2763 879 2805 nervos
893 2743 1092 2805 valentissime
1107 2745 1217 2806 solidat

157 2842 190 2892 nt
301 2830 443 2901 Quercini
465 2831 536 2910 ligni
556 2833 705 2893 combusti
727 2835 859 2892 cinerem
880 2835 932 2911 qui
954 2836 1022 2893 rino
1041 2841 1072 2893 et
1095 2833 1161 2895 oleo
1180 2835 1217 2895 di·

209 2917 300 2979 luerit
318 2918 495 2998 doloresque
509 2938 669 2981 nervorum
683 2939 717 2981 ca
731 2924 872 2982 unctione
886 2921 1087 3001 perfricuerit,
1106 2941 1216 2984 summa
1228 2939 1249 2978 so

157 3018 191 3067 28
211 3006 362 3068 celeritate
385 3007 546 3068 sanabitur.
585 3009 707 3070 Stercus
730 3012 884 3088 caprinum
908 3009 995 3069 melle
1018 3013 1145 3071 mixtum
1167 3014 1215 3071 im·

209 3098 399 3175 positumque
423 3105 602 3174 suppuratos
625 3116 733 3158 nervos
756 3096 932 3178 expurgabit
955 3108 985 3158 et
1008 3098 1044 3158 ad
1064 3102 1216 3161 sanitatem

209 3201 305 3263 usquc
331 3184 483 3263 perducet.

156 3283 190 3332 29
299 3273 332 3333 Si
358 3275 389 3333 in
418 3272 526 3333 cubitis
555 3282 606 3334 aut
633 3273 768 3335 articulis
794 3283 846 3334 aut
872 3291 1060 3354 quacumque
1085 3279 1216 3355 corporis

209 3368 293 3439 parte
322 3379 481 3422 nervorum
514 3365 678 3422 contractio
710 3363 828 3424 dolores
860 3362 1025 3443 exhibebit,
1057 3363 1245 3426 lumbricosc

114 3515 118 3521 y
209 3457 271 3507 tres
298 3456 434 3508 terrenos
462 3467 530 3508 cum
556 3449 642 3510 melle
667 3454 754 3511 tritos
777 3451 958 3530 malagmatis
981 3451 1069 3512 modo
1091 3455 1215 3532 impone,

210 3551 326 3592 omnem
351 3533 483 3594 dolorem
507 3535 619 3597 mollito
642 3540 741 3617 rigore
765 3539 890 3603 sedabis.
