2609 4017
563 139 802 204 -140-

174 304 211 365 ad
230 303 417 384 paralyticos,
436 303 472 364 ad
491 321 552 387 eos,
570 304 623 382 qui
641 322 678 363 ex
696 302 884 364 incommodo
903 309 1045 382 tremunt,
1064 302 1098 362 ad
1119 321 1186 363 nes·

174 395 260 477 ciam,
283 392 320 454 ad
343 393 531 473 hydropicos,
554 392 591 453 ad
614 392 857 473 opisthotonicos,
881 391 917 452 ad
941 391 1050 470 pedum
1071 391 1187 452 subitos

174 482 293 543 dolores
316 481 363 543 vel
385 481 562 561 gravidines,
584 481 622 542 ad
644 482 747 559 longas
770 483 918 542 viscerum
942 499 1046 542 causas
1070 480 1116 540 vel
1137 481 1187 540 do-

172 572 267 646 lores,
296 570 333 631 ad
362 570 522 651 pthisicos,
548 570 585 630 ad
610 571 752 646 inediam,
779 570 816 631 ad
843 569 943 650 lienis,
971 571 1006 631 ad
1035 571 1130 649 epatis
1158 579 1188 630 ct

175 659 211 721 ad
229 661 440 720 intestinorum
464 659 590 738 dolores,
614 658 650 719 ad
674 659 815 720 duritiam
838 678 955 738 quoque
979 661 1075 738 epatis
1095 659 1210 719 resols

175 748 308 829 vendam,
331 746 368 807 ad
386 755 490 827 partus
511 747 719 828 extrahendos,
743 749 795 828 qui
818 758 886 808 ante
905 751 1105 832 maturitatem
1126 747 1186 808 iue-

174 840 236 898 rint
260 838 384 916 enecati,
407 844 439 897 et
462 839 489 896 si
508 837 579 916 quid
593 845 672 916 post
695 845 813 916 partum
831 837 978 898 resederit
997 836 1188 898 evocandum.

174 926 259 996 Quod
278 925 527 987 medicamentum
545 925 582 985 ab
600 925 785 1006 Eutychiano
805 926 953 987 archiatro
976 929 1106 1005 primum
1130 933 1188 987 tra·

174 1015 268 1076 ditum
291 1015 396 1074 fertur.
441 1013 534 1076 Cuius
557 1015 719 1094 descriptio
747 1014 828 1076 talis:
865 1015 997 1076 Storacis
1024 1011 1103 1094 drag.
1127 1013 1188 1096 llll,

173 1105 228 1164 iris
236 1103 370 1184 Illyricae
381 1100 460 1182 drag.
469 1102 531 1185 llll,
545 1103 714 1184 hyoscyami
724 1102 803 1181 drag.
813 1103 834 1184 l,
849 1106 1027 1184 opopanacis
1037 1099 1118 1182 drag.
1127 1102 1189 1186 llll,
1200 1123 1221 1161 ro

174 1211 290 1272 myrrae
304 1191 510 1272 troglodytidis
525 1193 604 1272 drag.
618 1191 682 1271 llll,
698 1195 813 1253 resinae
829 1192 1045 1254 terebinthinae
1059 1193 1141 1272 drag.
1156 1194 1189 1275 ll,

174 1283 286 1360 piperis
314 1279 373 1341 albi
400 1278 480 1358 drag.
503 1280 571 1361 Xll,
599 1280 737 1341 afronitri
764 1278 844 1360 drag.
870 1279 924 1364 Xl,
951 1284 1012 1363 opii
1040 1278 1120 1362 drag.
1142 1282 1188 1362 Xl,

174 1369 292 1448 galbani
305 1365 385 1448 drag.
400 1368 462 1431 llll.
489 1368 569 1429 llaec
588 1371 686 1430 omnia
705 1370 930 1448 diligentissime
944 1378 1041 1454 tunsa,
1059 1372 1188 1433 cribrata

175 1467 205 1519 et
232 1461 316 1539 trita,
344 1467 378 1519 ut
405 1461 587 1538 permiscere
615 1476 647 1518 se
671 1461 800 1537 possint,
826 1478 901 1538 aqua
924 1461 1017 1521 nitida
1040 1462 1072 1520 in
1096 1479 1188 1522 unum

175 1547 305 1625 colliges,
328 1550 370 1608 ita
392 1557 427 1608 ut
450 1556 597 1610 storacem
620 1556 650 1608 ct
673 1547 830 1625 galbanum
854 1551 1012 1627 separatim
1032 1557 1100 1611 ante
1119 1568 1187 1610 con·
1200 1565 1221 1606 rs

174 1637 295 1718 tundas3
328 1655 404 1716 quae
437 1636 526 1698 simul
555 1637 679 1696 contusa
710 1655 787 1716 aqua
817 1637 937 1716 colliges
965 1645 996 1698 et
1024 1639 1188 1699 trochiscos

174 1725 211 1786 ad
235 1744 406 1786 mensuram
429 1726 508 1786 oboli
531 1725 622 1786 iacies
645 1731 676 1785 et
699 1743 767 1786 cum
791 1728 993 1786 necessarium
1021 1728 1125 1810 luerit,
1154 1745 1188 1788 ex

176 1832 252 1892 aqua
270 1814 363 1875 calida
381 1813 527 1875 bibendos
546 1813 630 1874 dabis
645 1832 714 1874 cum
729 1814 842 1894 cyathis
857 1815 954 1877 tribus
969 1822 1080 1898 ternos,
1100 1824 1189 1895 prout

174 1909 254 1963 aetas
277 1911 330 1962 aut
352 1904 446 1963 virtus
470 1903 569 1962 suerit.

601 2096 680 2158 CAP.
702 2096 761 2158 XV.

173 2208 229 2264 Ad
251 2207 407 2276 anginam
428 2209 485 2264 vel
507 2209 703 2276 synanchen
728 2212 763 2265 et
785 2211 934 2265 strumas
962 2211 996 2265 et
1018 2212 1186 2280 parotidas

174 2298 209 2351 et
230 2300 386 2352 reumata
413 2301 448 2353 et
470 2297 650 2366 glandulas
673 2297 730 2353 vel
752 2297 883 2354 tosillas
910 2301 945 2353 et
967 2299 1013 2354 ad
1035 2313 1076 2355 ea
1099 2315 1186 2371 quae

173 2385 332 2442 faucibus
354 2387 526 2442 haeserint
549 2387 722 2443 evocanda
745 2387 896 2442 remedia
915 2387 1130 2446 rationabilia
1153 2393 1186 2446 et

369 2475 509 2545 physica
527 2475 661 2532 diversa
680 2477 723 2530 de
743 2475 993 2545 experimentis.

140 2625 154 2671 1
263 2612 395 2690 Anginae
413 2613 536 2692 prodest
554 2613 707 2690 sanguinis
725 2611 878 2693 detractio,
897 2613 1121 2674 cucurbitarum
1138 2615 1183 2674 ad·
1195 2630 1218 2669 ro

174 2700 280 2762 bibitio
304 2709 463 2779 ceteraque
482 2697 599 2779 auxilia,
623 2699 733 2779 quibus
751 2700 859 2761 medici
878 2702 1029 2763 efficacius
1046 2713 1183 2784 utuntur,

173 2789 387 2850 medicamenta
415 2797 515 2849 autem
542 2788 688 2867 simplicia
714 2789 787 2849 haec
819 2798 900 2850 recte
933 2790 1058 2852 iaciunt:
1094 2791 1183 2852 Laser

173 2875 368 2956 Cyrenaicum
396 2895 471 2955 aqua
499 2876 626 2937 dilutum
656 2879 785 2938 crassius
819 2896 872 2957 per
900 2881 1020 2958 pinnam
1050 2880 1182 2941 faucibus

174 2963 338 3025 adhibitum
362 2964 407 3024 vel
431 2964 629 3043 euphorbium
658 2983 732 3044 aqna
762 2965 889 3027 dilutum
918 2968 1052 3028 similiter
1075 2971 1182 3048 inposi-

137 3061 245 3114 ttum.
279 3053 523 3132 Conpositionum
547 3062 645 3114 autem
670 3054 742 3114 haec
766 3061 836 3115 sunt
855 3063 935 3134 apta:
958 3055 1048 3117 Fellis
1067 3061 1181 3140 taurini,
1193 3071 1216 3113 rt

244 3224 435 3294 lydropicos.
524 3223 598 3278 4ad
615 3223 711 3296 lienis]
730 3224 776 3279 vel
793 3225 883 3281 lienis.
968 3228 1060 3298 eparis
1079 3229 1140 3283 item
1158 3233 1180 3283 5.

173 3296 353 3350 9st0raehis.
445 3301 479 3350 10
496 3295 640 3366 yoseiami.
733 3301 764 3349 11
784 3297 984 3353 terebentinae.
1072 3303 1105 3352 14
1123 3315 1180 3368 per-

172 3365 289 3422 miscere
308 3367 351 3438 se]
369 3366 532 3436 permisceri
550 3366 626 3420 inter
643 3383 673 3420 se
694 3365 852 3422 Carnarius.
927 3375 959 3424 ts
979 3371 1142 3425 storachem.

242 3440 285 3494 tit.
304 3438 475 3492 sinanchem.
549 3439 584 3491 ad
603 3444 666 3492 ante
685 3453 719 3491 ea
737 3454 786 3492 om.

243 3514 277 3562 23
297 3508 474 3576 cyrinaicum.
547 3513 582 3562 24
600 3506 746 3562 adhibitur
764 3509 834 3577 (sie).
