2609 4017
514 186 712 249 -9..

108 365 215 409 venere
231 366 350 427 quoque
364 346 583 429 abstinendum,
602 350 722 427 parcius
737 350 826 410 etiam
839 350 1041 411 ieiunandum.
1075 352 1120 413 lb

107 438 163 499 boc
184 454 291 498 rursus
310 445 453 517 tempore,
478 437 508 498 id
528 445 574 497 est
592 454 608 497 a
627 436 682 498 IIlI
701 437 769 498 idus
787 436 978 519 Novembres,
999 442 1121 519 sanguis

106 526 221 606 delicit3
244 528 382 604 congruit
405 528 497 605 igilur
519 525 681 587 levioribus
705 526 780 587 cibis
799 528 852 602 uti,
874 528 942 589 vino
966 527 1121 608 indulgere

106 634 162 677 nec
186 633 244 676 usu
264 618 382 676 venerio
402 614 551 675 abstinere
571 616 602 675 in
621 614 686 676 VIII
705 614 767 676 llal.
787 614 911 698 Ianuar„
935 634 971 677 ex
995 635 1053 696 quo
1078 619 1120 677 in·

79 706 181 784 scipit
199 711 318 782 tempus
336 702 504 766 hibernum.
541 702 629 784 llaec,
653 712 688 765 nt
706 704 777 778 dixi,
800 704 961 766 observans
979 705 1122 768 incolumi

107 793 251 871 sospitate
274 794 351 855 ritae
375 795 470 872 spatia
493 802 684 854 transcurres
711 810 767 855 nec
794 793 855 854 ulla
881 790 1029 873 indIgebis
1053 796 1120 857 visi·

107 883 220 943 tatione
239 889 290 943 aut
313 884 467 945 curatione
489 881 683 943 medIcorum.

151 1094 319 1175 Epistula
345 1094 413 1155 alia
437 1094 598 1155 eiusdem
620 1092 857 1174 Hippocratis
881 1114 922 1156 ex
946 1095 1081 1157 Graeco

358 1182 535 1243 translata
559 1183 599 1243 ad
622 1182 871 1245 Maecenatem.

198 1324 293 1395 Quem
308 1327 424 1403 roganti
439 1325 494 1385 tibi
507 1324 640 1385 libellum
654 1326 788 1409 promisi,
807 1328 889 1387 omni
903 1345 976 1387 cura
990 1326 1120 1388 adbibita
1141 1327 1155 1375 1

107 1415 292 1493 descriptum
324 1415 408 1493 misi,
440 1414 695 1475 ordinatissimum
729 1423 798 1476 tuae
826 1416 930 1477 salutis
958 1415 1122 1495 custodem,

65 1520 91 1559 1o
107 1522 197 1583 quem
229 1502 351 1564 debebis
379 1510 438 1564 tam
467 1502 624 1583 diligenter
651 1505 764 1564 intueri
792 1522 880 1583 quam
908 1507 1039 1585 scriptus
1067 1515 1121 1566 est.

105 1591 151 1653 Ad
180 1594 365 1653 ornationem
393 1594 472 1652 enim
500 1593 635 1671 corporis
665 1594 709 1653 tui
736 1594 835 1652 omnia
864 1593 1014 1671 explorata
1043 1602 1121 1674 suot,

106 1700 182 1761 quae
203 1698 271 1742 cnm
286 1698 386 1742 rernm
402 1680 509 1741 ellectu
524 1682 647 1759 conpari
662 1680 859 1759 celeriterque
874 1681 1037 1760 conplexus
1047 1700 1122 1743 sum.

105 1770 222 1832 Intueri
244 1788 314 1849 ergo
334 1787 452 1831 omnem
471 1769 635 1830 medicinae
655 1771 800 1829 rationem
819 1768 952 1831 debebis.
988 1770 1122 1849 Namque

107 1877 162 1937 ego
181 1859 320 1937 dlligenti
338 1876 418 1939 cura,
442 1858 512 1920 licet
532 1876 647 1919 summa
666 1858 820 1937 brevitate,
839 1858 1043 1938 conprehendi
1062 1860 1122 1921 siu·

65 1947 176 2027 regula
205 1949 393 2008 curationum
417 1964 535 2028 genera,
558 1948 637 2008 sicut
660 1949 795 2027 proxime
818 1949 850 2007 in
873 1966 908 2009 eo
932 1947 1031 2009 libello
1055 1948 1122 2023 feci,

108 2054 197 2115 quem
216 2035 336 2097 Caesari
354 2044 457 2098 nostro
477 2054 576 2097 coram
595 2044 624 2097 te
644 2036 767 2097 tradidi:
787 2055 861 2116 quas
880 2039 1050 2099 curallones
1068 2055 1123 2116 per

106 2133 201 2186 temet
214 2127 314 2203 ipsum
327 2127 484 2186 aestimare
499 2127 621 2207 poteris,
636 2124 822 2203 sapientibus
836 2128 915 2187 euim
930 2128 1006 2187 ratio
1021 2128 1123 2187 venire

106 2216 137 2275 in
162 2212 321 2275 consilium
339 2214 482 2275 adsuevit.
518 2213 613 2275 Omne
636 2216 736 2293 itaque
758 2232 868 2293 corpus
886 2214 1050 2296 homiuum,
1072 2232 1122 2294 pe·
1141 2229 1160 2277 2

107 2303 219 2365 cudum
238 2302 409 2384 alitumque,
428 2320 464 2363 ex
484 2310 625 2381 quattuor
643 2302 804 2381 generibus
823 2311 948 2385 constat,
967 2304 1019 2365 sed
1038 2321 1122 2382 prae·

68 2406 93 2446 20
108 2394 197 2471 cipue
221 2392 389 2453 hominum:
412 2390 521 2473 calido,
545 2391 667 2473 frigido,
690 2393 769 2453 sicco
794 2400 824 2452 et
846 2392 956 2453 umido.
1002 2392 1123 2471 FrIgido

108 2483 189 2542 enim
209 2482 401 2542 continentur
415 2482 538 2560 viscera,
557 2481 636 2541 unde
655 2483 817 2559 spIramus:
836 2480 934 2541 calore
952 2484 1123 2543 continetur

108 2572 216 2651 anima,
236 2588 294 2649 qua
313 2571 447 2651 vivimus,
466 2570 496 2631 id
515 2577 562 2630 est
580 2588 638 2649 qua
658 2572 746 2630 vitam
766 2572 920 2631 sentimus.
954 2569 1040 2630 SIcca
1054 2575 1124 2630 suut

109 2677 186 2739 ossa,
212 2677 287 2738 quae
306 2660 384 2719 vires
404 2659 517 2719 iaciunt
535 2659 571 2719 ad
598 2657 807 2719 sustinendum
831 2656 975 2717 laborem:
1004 2656 1123 2717 umidus

109 2756 156 2809 cst
175 2749 307 2828 sanguis,
326 2766 384 2827 quo
404 2746 493 2808 alitur
512 2749 578 2808 vita.
607 2746 665 2807 Per
684 2746 782 2806 omnia
801 2747 880 2807 enim
899 2747 1014 2807 viscera
1033 2763 1123 2806 venae
1183 2749 1189 2757 “

69 2844 247 2916 ocurrunt,
270 2854 346 2916 quae
370 2837 544 2915 sauguinem
567 2843 684 2914 regunt.
723 2835 850 2913 Sanguis
868 2837 1004 2916 animam,
1028 2837 1124 2896 anima

108 2928 199 2986 vitam
224 2927 361 3005 sustinet,
385 2927 510 3003 spiritus
533 2933 633 2986 autem
656 2926 734 2986 aeris
755 2932 810 2985 est.
847 2924 921 2985 Ossa
942 2926 1042 2985 nervis
1060 2942 1124 2986 mu·

108 3016 171 3075 nita
206 3015 346 3075 virtutem
377 3015 496 3093 corpori
525 3021 686 3093 praestant.
734 3013 860 3092 Sanguis
888 3031 955 3075 cum
984 3013 1161 3093 abundat,3

107 3101 309 3164 valetudinem
333 3104 424 3165 vitiat.
469 3102 514 3163 Ex
538 3121 573 3163 eo
597 3105 731 3163 nascitur
755 3104 866 3184 sanies,
896 3120 983 3181 quam
1007 3104 1038 3163 in
1062 3100 1123 3162 vul·

108 3191 234 3253 neribus
258 3193 348 3253 sectis
371 3191 518 3273 uldemos3
541 3193 676 3253 nascitur
699 3199 729 3251 et
751 3193 867 3274 pituita,
891 3210 967 3271 quae
990 3191 1124 3252 nausiam

183 3351 197 3398 1
221 3361 239 3400 a
262 3344 327 3400 cdd.
351 3361 438 3415 sopra
462 3345 562 3399 liccam
585 3348 648 3399 mete
670 3359 772 3399 venere
790 3349 850 3399 2m.
942 3350 958 3399 6
977 3342 1054 3399 vitae
1072 3358 1123 3398 orn.

108 3420 143 3469 20
166 3415 292 3484 humido,
315 3417 378 3471 item
402 3421 436 3471 28
460 3415 599 3471 humidus.
691 3420 726 3469 24
743 3430 795 3483 per
813 3416 884 3469 deest
907 3415 1125 3484 stomacacen

108 3488 202 3542 erasis
276 3486 371 3541 omnia
393 3487 481 3559 enim]
510 3502 575 3541 ossa
598 3486 634 3541 eb.
708 3491 742 3540 25
762 3487 928 3541 emunim
946 3489 1123 3542 carantam.

108 3562 142 3613 28
160 3557 356 3613 valitudinem.
