2609 4017
575 131 815 196 -106-

187 314 222 355 er
255 313 331 355 nuce
364 294 503 373 iuglande
535 293 710 354 instillatum
743 293 893 354 auriculae
921 295 1040 372 gravius
1068 293 1207 354 audienti

134 383 275 446 119valde
298 383 429 462 prodest.
466 382 554 444 Cedri
577 384 676 443 resina
700 382 806 462 hysopi
829 382 945 443 decocti
965 401 1039 461 aqua
1060 381 1206 443 diluta'et

186 473 337 534 auriculae
369 472 462 533 indita
494 474 610 532 sonitus
642 474 829 550 tinnitusque
861 489 964 532 omnes
997 471 1141 532 discutiet
1174 481 1206 532 et

134 570 305 624 120avertet
328 560 469 621 dolorem.
510 559 572 621 Ora
590 561 783 621 formicarum
806 564 934 621 coutrita
958 570 987 621 et
1010 559 1135 620 auribus
1159 563 1204 620 iu·

133 664 183 712 121
191 649 298 711 stillata
312 651 446 728 quamvis
460 648 604 710 obtunsus
618 649 738 710 auditus
752 649 907 728 adaperire
919 648 1093 710 creduntur.
1113 648 1203 709 Canis
1217 665 1229 706 a

185 739 276 816 adeps
304 757 373 799 cum
400 738 465 799 oleo
488 746 589 800 vetere
612 748 642 800 et
665 757 738 799 suco
761 737 891 798 absinthi
915 736 1037 798 auribus
1060 737 1203 798 instillata

185 845 372 907 quacumque
396 846 432 888 ex
451 845 539 888 causa
558 827 733 888 ersrrrdatas
752 845 840 889 auras
859 828 935 886 miro
954 827 1042 886 modo
1060 845 1203 906 reparare

132 916 332 978 lutereditur.
378 916 563 988 dirouitrum
591 916 834 976 delicatissimum
863 923 893 976 et
919 915 977 977 mel
1000 918 1149 994 optimum
1172 925 1203 975 et

184 1013 302 1066 acetum
324 1007 503 1066 acerrimum
527 1014 665 1066 conteres
688 1006 800 1084 pariter
823 1022 918 1084 usque
940 1005 975 1064 ad
996 1023 1142 1065 summam
1161 1003 1201 1064 le·
1228 1025 1229 1028 ¹

184 1096 305 1154 vitatem
324 1102 355 1154 et
373 1093 523 1155 auriculae
541 1094 695 1175 infundes,
714 1112 774 1154 nou
790 1093 885 1156 solum
899 1094 1033 1154 auditum
1048 1095 1201 1172 restitues,
1215 1109 1237 1148 1o

134 1183 242 1244 ltesed
267 1191 298 1244 et
321 1183 453 1244 dolorem
477 1183 653 1243 emendabit.
695 1183 802 1244 Parum
827 1182 981 1243 audientes
1005 1189 1122 1244 acetum
1143 1183 1201 1243 uti-

132 1271 257 1333 1241iter
276 1272 462 1351 gargalizant.
496 1271 527 1331 Si
546 1271 665 1351 aliquod
685 1271 793 1332 animal
812 1290 912 1332 aurem
932 1273 1097 1349 intraverit,
1115 1289 1199 1350 prae·

184 1362 305 1439 cipuum
325 1360 490 1421 remedium
509 1370 555 1421 est
573 1363 726 1422 murinum
743 1359 781 1420 lcl
796 1368 879 1421 aceto
899 1359 1026 1421 dilutum
1046 1359 1199 1420 instillare.

132 1447 263 1511 125Gliri
290 1467 344 1510 seu
370 1448 479 1510 blattae
507 1449 593 1528 pellis
617 1449 785 1511 detrahitur
808 1457 838 1510 et
861 1451 1001 1510 intestina
1024 1451 1090 1509 cius
1112 1448 1199 1509 deco·

183 1545 318 1617 quuutur
348 1540 379 1598 iu
407 1557 476 1599 vaso
506 1557 592 1599 aereo
620 1557 698 1599 novo
726 1557 794 1599 cum
822 1537 918 1598 mellis
946 1537 1073 1598 heminis
1100 1537 1199 1598 tribus
1213 1551 1235 1592 1⁶

184 1645 279 1706 usque
311 1629 347 1688 ad
381 1630 485 1688 tertias
516 1637 605 1707 atqua
637 1629 678 1688 ita
711 1635 859 1708 servatur,
891 1634 926 1688 ut
953 1645 1021 1688 cum
1049 1644 1125 1705 opus
1154 1634 1199 1687 est

131 1717 296 1794 lucstrigili
318 1718 566 1778 medicamentum
590 1717 769 1795 tepelactum
793 1715 916 1777 auribus
941 1715 1124 1777 iulundatur.
1167 1715 1199 1776 Si

183 1823 252 1865 caro
271 1809 399 1866 creverit
417 1807 448 1865 in
468 1805 618 1866 auriculae
636 1805 790 1884 foramine,
809 1806 1014 1883 conprimetur
1033 1806 1097 1865 siue
1117 1805 1198 1866 lerro

183 1900 213 1953 et
232 1893 333 1953 dolore
352 1894 547 1953 medicamine
566 1894 631 1954 tali:
654 1894 801 1955 Alumiuis
815 1896 934 1955 unciam
949 1895 1113 1975 semissem,
1124 1895 1198 1973 misy

182 1983 244 2041 usti
266 2015 309 2024 —
330 1981 359 2062 S,
383 1982 535 2059 Sinopidis
557 1981 695 2043 rubricae
720 2016 762 2026 —
783 1982 816 2062 S,
839 1985 968 2061 gummis
991 2015 1034 2026 ·-
1059 1981 1093 2063 ὃς
1117 1984 1234 2044 tritisao
1280 2053 1281 2062 ἵ

183 2072 292 2130 ceteris
311 2089 347 2130 ex
366 2078 450 2131 aceto
469 2072 531 2131 acri
551 2077 580 2130 et
599 2070 635 2131 ad
654 2073 749 2132 instar
770 2071 886 2150 collyrii
904 2071 1039 2150 levigatis
1058 2089 1195 2150 gummeri
1280 2071 1281 2100 ³

183 2159 378 2240 admiscetur,
407 2169 440 2220 ut
467 2159 578 2238 pastilli
605 2179 715 2239 corpus
739 2161 861 2239 efficiat,
889 2171 919 2220 et
942 2163 1021 2222 sicut
1043 2160 1196 2239 collyrium

183 2249 286 2308 tritum
305 2252 518 2327 superponitur
537 2256 588 2309 aut
606 2249 787 2331 infunditur3
810 2248 867 2310 boc
886 2257 916 2310 et
935 2249 1031 2310 dolori
1049 2257 1080 2310 et
1097 2252 1197 2328 putori

130 2344 217 2398 12‘1et
240 2336 355 2396 vulneri
378 2337 516 2398 medetur
538 2337 697 2399 auriculae.
739 2338 886 2400 Corticem
910 2339 947 2398 de
970 2338 1086 2399 fraxino
1110 2339 1196 2399 viridi

182 2425 332 2486 contunde
351 2444 385 2486 ac
405 2445 510 2487 sucum
530 2429 596 2488 cius
615 2426 747 2506 tepidum
763 2427 912 2488 auriculae
927 2428 1050 2488 adsidue
1065 2427 1233 2506 infundere
1280 2455 1281 2460 κ

129 2514 280 2575 128douec
304 2523 489 2593 persanctur.
528 2515 594 2595 llel,
618 2534 756 2597 myrram,
779 2525 895 2578 acetum
919 2519 950 2576 iu
975 2535 1007 2576 se
1031 2535 1143 2595 coques
1166 2523 1194 2576 et

129 2606 217 2665 129in
245 2622 346 2664 aurem
376 2605 508 2684 tepidum
537 2608 646 2665 mittes.
692 2605 875 2666 Alrouitrum
900 2605 1143 2666 delicatissimum
1166 2614 1194 2665 et

181 2692 240 2753 mel
263 2695 407 2771 optimum
431 2702 461 2755 et
479 2701 596 2754 acetum
615 2695 794 2755 acerrimum
813 2702 950 2755 conteres
969 2697 1082 2773 pariter
1101 2712 1193 2773 usque

182 2781 217 2842 ad
250 2781 399 2841 levitatem
430 2791 461 2842 et
488 2783 668 2860 tepelactum
697 2782 846 2844 auriculae
874 2783 1022 2845 iuluudes.
1069 2782 1193 2862 Propter

129 2869 324 2931 130elfectum
339 2870 521 2931 medicamen
536 2873 645 2930 iterum
660 2873 844 2949 scripsimus.
872 2871 957 2933 Porri
972 2874 1075 2933 sectivi
1090 2889 1192 2932 sucum
1204 2886 1230 2927 oo

182 2966 212 3019 et
234 2957 338 3018 lotium
362 2960 427 3037 apri
450 2966 481 3018 et
503 2958 600 3019 oleum
624 2961 780 3037 cyprinum
798 2964 862 3040 pari
882 2961 1013 3040 pondere
1032 2962 1192 3039 coniunges

129 3056 217 3108 131et
243 3046 423 3124 tepelactum
451 3047 574 3108 auribus
601 3047 768 3109 instillabis.
814 3049 957 3131 Herbam,
987 3068 1061 3130 quae
1085 3049 1191 3110 Gallice

181 3143 321 3196 vernetus
344 3135 463 3214 dicitur,
486 3145 623 3196 conteres
642 3143 674 3197 et
691 3139 840 3217 exprimes
859 3147 889 3200 et
909 3157 1014 3200 sucum
1033 3141 1098 3199 eius
1117 3141 1190 3199 auri-

252 3285 382 3356 iysopi.
473 3287 610 3344 baudito
632 3291 770 3360 adperire.
862 3296 895 3345 12
915 3292 1097 3362 gargaligant
1123 3293 1189 3362 (sic).

183 3365 215 3412 13
235 3361 354 3413 acetum.
434 3365 467 3412 19
486 3358 558 3414 misi.
631 3367 666 3415 20
685 3361 790 3430 senopi.
864 3361 991 3417 rubricae
1010 3379 1061 3417 orn.
1129 3368 1190 3432 post

180 3429 301 3498 gummis
321 3460 353 3468 -
369 3428 388 3482 S
407 3431 471 3486 cdd.
490 3431 591 3487 rubrae
609 3463 644 3472 -
660 3431 687 3487 S.
750 3437 785 3487 25
804 3432 925 3490 assidue.
989 3439 1023 3490 33
1038 3441 1103 3504 poti
1121 3435 1190 3488 auri-

180 3502 261 3554 culae
281 3501 345 3555 cdd.
365 3516 446 3568 quac.

69 3734 188 3834 -n
