2609 4017
581 220 621 232 -
670 187 825 253 332-

198 365 412 427 supervaouam
436 366 608 430 consumes,
631 349 684 410 sed
707 349 744 409 ad
763 350 919 409 sanitatem
938 345 1102 407 lenioribus
1120 345 1207 406 medi·

199 438 342 498 cementis
365 444 468 515 postea
493 437 649 517 perduces.

143 538 179 588 22
288 524 422 587 Extalem
441 527 530 586 nimis
548 529 766 605 prominentem
786 527 922 604 reprimit
935 523 1116 603 gallinaceus
1130 521 1206 582 vitel·

198 613 260 695 lus,
288 615 315 674 si
341 621 444 675 coctus
467 617 583 694 integer
607 615 643 676 ab
667 616 732 694 ipso
756 631 845 693 aegro
868 613 929 674 illic
952 611 1066 674 calidos
1090 611 1206 672 adsidue

200 705 397 763 contineatur.
1217 715 1228 755 t

144 807 180 855 23
288 788 332 849 td
360 789 475 852 fistulas
503 789 661 852 vulnerum
688 793 719 852 in
745 808 801 852 ano
825 789 873 851 vel
896 808 971 869 qnae
995 795 1160 850 nascuntur
1178 789 1206 847 io

199 877 273 939 locis
301 877 567 940 verecundioribus
595 888 693 941 terrae
720 878 790 940 mali
817 878 902 939 radix
930 886 1057 939 contusa
1080 886 1111 938 et
1133 878 1207 937 listo-

200 967 244 1027 lae
272 968 385 1028 inserta
413 975 464 1040 atat
490 970 521 1029 in
548 968 702 1047 pulverem
730 967 849 1029 redacta
877 975 907 1028 et
930 985 1000 1028 cum
1023 969 1092 1026 rino
1115 972 1206 1026 vetere

199 1057 335 1134 inspersa
363 1058 404 1117 ita
431 1056 567 1139 prodest,
596 1065 630 1118 ut
653 1057 790 1118 celeriter
813 1063 972 1136 expurget,
995 1055 1104 1116 solidet
1126 1063 1157 1115 et
1176 1054 1206 1113 ad
1287 1090 1288 1095 κ

200 1163 319 1206 omnem
348 1149 503 1206 sanitatem
530 1145 689 1227 perducat,
717 1148 781 1206 sine
810 1163 867 1224 qua
896 1163 953 1205 nec
980 1144 1092 1205 medici
1113 1144 1238 1204 huius-ro

201 1235 283 1294 modi
306 1252 409 1296 causas
433 1252 539 1295 curare
562 1241 697 1314 possunt

72 1339 76 1345 ·
147 1337 183 1387 24
291 1321 460 1401 Tithpmalli
483 1325 602 1384 contusi
625 1341 730 1384 sucum
754 1341 791 1383 ex
809 1325 879 1383 rino
898 1340 990 1402 super
1007 1320 1138 1382 fistulam
1155 1319 1208 1380 rul-

202 1411 283 1470 neris
312 1413 483 1492 exprimito,
511 1410 619 1473 deinde
646 1412 812 1472 lomentum
836 1411 1009 1471 huiusmodi
1032 1409 1163 1490 alligato,
1182 1408 1208 1468 id

202 1506 249 1559 est
271 1500 456 1561 marrubium
479 1502 511 1561 in
534 1503 634 1561 cinere
659 1501 753 1562 calido
777 1499 955 1578 subooquito
978 1507 1009 1559 et
1031 1499 1147 1559 adiecta
1168 1516 1208 1557 re

201 1590 367 1650 tustissima
397 1591 521 1669 axungia
550 1588 601 1650 diu
630 1589 760 1668 subigito
790 1596 820 1650 et
845 1589 936 1649 linteo
960 1587 1078 1649 inlitum
1103 1586 1239 1648 calidis-u

203 1679 311 1738 simum
340 1679 455 1740 fistulae
483 1678 623 1756 adponito
647 1687 678 1738 et
700 1686 747 1739 ter
770 1686 822 1739 aut
845 1684 950 1756 quater
973 1676 1076 1737 indie
1100 1677 1210 1737 terrens

202 1766 388 1828 medicamen
410 1774 561 1848 renovato,
584 1767 710 1827 mirifice
733 1766 877 1846 proderit.

149 1869 183 1918 to
292 1853 333 1916 Os
356 1856 519 1916 homanum
543 1864 701 1917 contusum
725 1863 756 1916 et
777 1857 808 1915 in
832 1853 985 1934 pulverem
1008 1855 1211 1915 tenuissimum

202 1944 453 2027 redactumom
481 1944 567 2006 melle
594 1943 712 2005 inlitum
740 1946 830 2005 etiam
859 1942 979 2004 duratas
1008 1945 1057 2003 ani
1084 1951 1117 2004 et
1145 1944 1211 2002 anti·

204 2049 277 2110 quas
300 2033 414 2093 fistulas
438 2042 535 2114 sanat,
561 2035 587 2094 si
610 2033 820 2111 pertriduum
844 2034 1020 2092 continuum
1043 2031 1243 2110 adponatnr.rt

148 2135 184 2184 26
240 2169 242 2174 ,
292 2119 336 2180 Ad
365 2127 449 2181 nates
477 2121 523 2182 vel
549 2122 688 2200 podicem
714 2121 883 2182 fistulosum
911 2121 968 2181 olei
995 2122 1102 2200 optimi
1124 2127 1211 2180 sexta·

203 2209 297 2288 rium,
320 2207 475 2289 lithargpri
499 2209 652 2282 selibram,
676 2211 827 2289 aeruginis
850 2208 971 2288 libram,
993 2211 1072 2270 turis
1095 2207 1213 2269 masculi

204 2298 284 2375 nigri
307 2297 458 2374 selibram,
482 2299 598 2359 resinae
622 2297 743 2380 libram,
767 2298 863 2359 mellis
887 2299 1009 2358 sextarii
1032 2299 1124 2358 unius
1147 2315 1211 2376 qua·

204 2384 354 2469 drentem,
379 2390 455 2448 aceti
478 2385 563 2448 811.
605 2386 685 2448 Haeo
709 2389 807 2448 omnia
830 2389 861 2448 in
885 2386 941 2447 olla
964 2388 1033 2447 rudi
1058 2384 1147 2447 simul
1169 2385 1213 2445 de-

204 2494 314 2555 coquas
338 2483 368 2537 et
390 2495 473 2537 more
497 2475 651 2556 emplastri
672 2477 806 2538 induces.
1224 2489 1246 2530 as

149 2576 183 2628 et
292 2564 336 2625 to
346 2565 587 2626 haemorrhoidas
602 2583 722 2645 eosque,
737 2565 972 2644 qnisanguinem
983 2563 1127 2645 deiciunt,
1137 2564 1214 2642 porri

205 2671 296 2714 sucus
329 2672 488 2733 expressus
518 2655 619 2715 ieiuno
646 2655 731 2733 potui
759 2652 845 2714 datus
878 2651 1123 2713 haemorrhoidas
1150 2670 1213 2713 con·

151 2753 185 2802 28
205 2743 289 2802 tinuo
309 2743 445 2804 desinere
465 2743 543 2804 lacit.
575 2742 674 2822 Adeps
693 2744 779 2822 cygni
793 2741 1035 2802 haemorrhoidas
1049 2742 1213 2820 conprimit,

152 2843 185 2890 29
206 2832 232 2890 si
264 2839 315 2891 aut
350 2834 435 2909 potui
467 2832 555 2893 detur
582 2840 634 2891 aut
660 2829 724 2891 loca
751 2830 821 2890 inde
848 2836 1016 2908 tangantur.
1064 2829 1214 2908 Symphyti

205 2918 302 3000 radix,
331 2937 405 2998 quae
433 2919 526 2980 herba
551 2916 667 3000 [Gallice
695 2918 780 2980 halus
808 2919 931 2999 dicitur,
954 2925 1005 2979 ant
1028 2918 1245 2979 commando-o

205 3013 291 3067 catur
318 3015 369 3068 ant
396 3016 463 3068 usta
490 3017 521 3068 et
548 3010 620 3069 trita
648 3009 680 3068 in
707 3009 829 3087 potione
857 3007 945 3067 datur
972 3006 1132 3068 adversum
1152 3007 1213 3067 hae-

152 3108 186 3157 30
206 3095 392 3157 morrhoidas
410 3098 534 3157 nimium
553 3095 746 3174 profluentes¹
780 3095 930 3176 Siongiam
948 3096 1092 3156 marinam
1112 3113 1212 3156 exures

294 3274 310 3322 3
334 3267 537 3339 prominentem
561 3267 797 3337 reprominentem
821 3267 891 3335 (sic).
1001 3270 1033 3319 12
1060 3263 1210 3320 tithimalli.

208 3345 241 3393 14
258 3338 420 3396 retussime.
476 3344 510 3392 22
528 3337 691 3408 lithargyri]
712 3336 855 3407 epodngri.
912 3341 946 3390 23
965 3334 1119 3391 sextarium
1135 3353 1211 3390 unum

206 3409 355 3478 quadrans.
442 3415 476 3464 26
495 3409 699 3464 aemorhoidas.
784 3414 817 3463 at
838 3405 971 3476 expressi.
1052 3408 1137 3462 verbo
1154 3423 1210 3461 con-

204 3479 284 3533 tinno
303 3479 437 3602 desinergl
447 3478 524 3535 facit.
551 3478 645 3548 Adepa
661 3479 744 3548 cygni
757 3477 987 3534 haemorrhoides
1000 3494 1051 3533 om.
1102 3483 1139 3534 29
1158 3479 1211 3532 len·

205 3553 265 3616 gat.
337 3567 417 3618 symp
438 3548 479 3604 iti.

29 3678 173 3974 a
