2609 4017
486 174 730 239 “125-

97 336 211 397 Graeci
239 337 399 416 appellant:
441 337 575 415 Ligustri
602 336 671 397 lolia
699 339 942 399 commanducato
971 339 1119 418 sinitoqne

97 427 186 504 egeri
206 428 344 504 pituitam
363 427 453 486 saliva
471 427 631 505 inritatam,
650 445 725 504 quae
744 426 815 487 dum
833 426 928 487 hianti
946 444 998 488 ore
1013 427 1118 488 decur-

96 517 151 596 rit,
175 513 264 574 dolor
287 514 411 576 desinet.
443 514 514 575 Sine
538 514 639 575 dolore
664 514 763 576 antem
787 517 837 594 qui
861 517 926 576 cari
950 524 980 577 et
999 515 1120 577 inutiles

96 613 173 664 sunt
205 603 345 664 decident
367 604 562 666 medicamine
584 602 650 664 tali:
686 602 803 682 Piperis
826 623 917 684 grana
940 623 1064 666 numero
1087 603 1120 685 V,

70 711 84 751 5
97 692 199 771 gallae
218 700 249 752 ct
262 692 379 771 galbani
397 700 427 753 31
441 692 579 753 alronitri
592 691 715 771 aequale
728 693 846 772 pondus
860 693 897 754 ad
911 693 994 754 labae
1008 696 1119 772 magni·

97 781 242 842 tudinem
261 800 320 841 una
338 781 505 843 contundes
526 790 556 842 ct
575 783 709 842 contusis
727 781 785 843 mel
805 781 982 844 admiscebis
1002 791 1032 843 31
1051 782 1119 843 snb·

98 872 178 951 iges,
203 870 297 930 donec
320 869 438 949 redigas
462 870 498 932 ad
522 888 608 931 cerae
633 869 852 948 lentitudinem,
875 889 971 950 eoque
993 871 1120 932 medica·

97 967 208 1020 mento
231 959 351 1019 dentem
375 977 479 1020 cavum
503 969 533 1020 31
556 958 705 1020 dolentem
728 958 864 1039 implebis
892 961 946 1039 113,
974 967 1008 1021 ut
1036 963 1120 1039 prius

98 1066 175 1108 eum
200 1046 294 1108 calida
313 1047 421 1127 loreas,
444 1050 508 1108 sine
528 1047 630 1108 dolore
649 1048 774 1109 excidet.
807 1048 852 1108 Ad
871 1048 976 1109 dentes
995 1049 1120 1110 mobiles
1139 1063 1174 1112 43

57 1155 85 1194 ao
99 1147 136 1198 31
159 1135 297 1197 dolentes
320 1145 351 1197 et
369 1139 554 1216 gingivarum
572 1145 721 1197 tumorem
739 1137 905 1197 remedium
925 1139 982 1200 sic:
1006 1137 1122 1199 Cornus

99 1227 222 1286 cervini
246 1224 393 1286 combusti
419 1259 457 1269 -
483 1225 524 1304 ll,
551 1224 614 1285 lolii
637 1217 722 1311 ³9⁹¹>
751 1224 820 1286 33113
843 1228 1018 1287 ammoniaci
1041 1219 1123 1312 {²¹2

98 1317 220 1393 piperis
240 1332 329 1393 grana
348 1313 435 1396 Vllll,
454 1316 507 1374 iris
525 1313 659 1393 Illyricae
679 1307 825 1400 ,tvl1113
849 1333 884 1375 ex
903 1315 951 1376 his
968 1315 1122 1395 pulverem

99 1405 317 1465 tenuissimum
345 1403 436 1464 iacies
464 1412 494 1464 et
519 1421 555 1463 eo
579 1402 684 1463 dentes
707 1404 828 1466 cottidie
858 1404 1043 1482 perfricabis.
1089 1404 1123 1465 Si

99 1491 234 1552 mobiles
258 1500 348 1552 erunt
370 1500 401 1553 31
420 1490 573 1570 dolebunt,
597 1491 683 1552 lacile
702 1492 809 1553 cadent
832 1501 863 1553 31
885 1496 911 1552 si
935 1495 999 1553 sine
1019 1492 1121 1554 dolore

60 1599 86 1640 15
99 1580 196 1641 validi
219 1590 302 1661 sunt,
332 1580 589 1641 confirmabuntur
616 1588 646 1641 et
674 1580 860 1641 candidiores
885 1590 915 1642 ct
938 1581 1121 1643 odoratiores

101 1677 210 1749 crunt3
234 1668 341 1730 melius
364 1678 464 1730 antem
486 1669 659 1749 proficient,
687 1671 714 1728 si
741 1671 771 1728 in
795 1671 944 1729 iuncturis
967 1679 1018 1730 aut
1046 1670 1122 1730 radi-

101 1757 193 1819 cibus
217 1765 268 1818 aut
291 1760 439 1818 cavaturis
463 1777 565 1820 eorum
590 1757 627 1818 de
650 1758 707 1817 boc
730 1759 796 1836 ipso
819 1757 989 1819 dentifricio
1011 1758 1122 1837 aliquid

102 1847 263 1908 resederit
304 1846 448 1908 Ramenta
475 1865 586 1907 cornus
612 1848 727 1908 cervini
748 1845 795 1906 vel
821 1844 942 1908 scobem
965 1849 1030 1907 eius
1053 1847 1122 1907 lima
1141 1861 1175 1910 43

104 1937 216 1996 factam
239 1953 308 1996 cum
331 1938 399 1995 vino
423 1942 523 1996 vetere
547 1934 583 1994 ad
607 1937 711 1996 tertias
734 1953 830 2014 coque
854 1943 885 1996 et
908 1936 977 1997 inde
999 1936 1122 1996 adsidue

62 2044 90 2082 ao
105 2044 141 2085 os
160 2024 237 2104 elue,
260 2026 335 2084 mire
354 2024 488 2102 proderit
506 2022 692 2084 roborandis.
727 2024 883 2086 Portulaca
902 2025 1025 2086 adsidue
1045 2044 1123 2086 com·
1142 2039 1176 2086 44

104 2113 286 2174 manducata
308 2113 468 2174 stridorem
492 2113 626 2175 dentium
652 2112 738 2173 tollit.
783 2114 951 2174 Africanam
978 2114 1124 2192 slongiam
1142 2128 1176 2176 45

106 2201 235 2263 siccabis
263 2210 294 2262 et
321 2200 388 2262 lana
414 2201 546 2262 involves
575 2211 664 2280 atque
689 2201 758 2262 inde
782 2202 913 2263 radicem
936 2203 1033 2263 dentis
1057 2221 1123 2282 per-

90 2291 241 2370 ·lricabis,
260 2289 312 2351 scd
333 2309 411 2370 cave,
430 2309 467 2351 ne
487 2289 577 2351 alium
596 2308 651 2369 pro
666 2290 722 2350 alio
737 2299 848 2370 tangas.
880 2290 953 2351 Nam
968 2300 1124 2352 333133133

105 2387 176 2459 post
195 2379 329 2440 triduum
349 2379 447 2457 cadet;
465 2380 492 2439 si
510 2381 589 2440 33113
608 2378 731 2457 putidus
750 2379 842 2440 133111
860 2387 891 2440 31
904 2379 1024 2460 dolebit,
1039 2380 1123 2440 133113

66 2486 94 2525 15
108 2468 236 2529 excidet.
279 2467 353 2528 Cum
376 2470 507 2547 primum
529 2467 721 2528 hirundinem
744 2467 868 2547 videris,
895 2468 1008 2529 tacebis
1035 2477 1064 2528 et
1087 2467 1176 2529 31143

106 2575 216 2636 aquam
240 2556 363 2617 nitidam
386 2557 511 2618 accedes
535 2566 624 2635 atque
642 2555 712 2616 inde
732 2559 762 2615 in
781 2575 815 2616 os
834 2566 919 2616 tuum
939 2558 1051 2635 mittes3
1076 2555 1124 2614 de·

106 2645 178 2706 inde
203 2644 296 2723 digito
320 2645 480 2724 obscoeno,
509 2646 540 2705 id
570 2655 616 2705 est
643 2644 755 2723 medio,
784 2651 843 2705 tam
872 2661 978 2704 manus
1003 2642 1124 2703 dextrae

108 2752 200 2812 quam
224 2736 361 2794 sinistrae
385 2735 489 2796 dentes
513 2732 633 2795 lricabis
652 2742 683 2793 31
701 2732 796 2793 dices:
819 2731 954 2793 Hirundo
974 2730 1029 2792 tibi
1048 2731 1126 2810 dico,

110 2821 261 2901 quomodo
284 2822 341 2883 boc
364 2825 396 2884 iu
419 2831 517 2884 rostro
540 2825 652 2883 iterum
674 2840 735 2881 uon
758 2824 828 2900 crit,
857 2824 900 2882 sic
923 2821 997 2882 mihi
1020 2820 1125 2882 dentes

68 2929 172 2971 31333
196 2910 315 2972 doleant
338 2920 401 2973 toto
424 2931 515 2973 anno.=
546 2911 660 2971 lterum
683 2910 773 2971 alium
787 2929 906 2986 annum
930 2921 961 2973 31
984 2912 1125 2990 deinceps

109 2999 308 3080 sequentibus
326 3001 462 3061 similiter
481 3001 581 3080 133133,
600 3002 626 3060 31
644 2998 913 3079 13133113131331111
931 3000 1021 3062 buius
1041 3010 1125 3080 quot·

108 3091 197 3150 annis
216 3107 335 3150 manere
359 3088 544 3150 beneficium.
582 3087 703 3148 Cocleas
727 3090 874 3151 nostrates
893 3092 1178 3152 1313313331131341

110 3181 216 3239 inanes
244 3176 349 3257 collige
378 3181 466 3239 3113
493 3179 636 3238 mortario
667 3195 833 3239 marmoreo
864 3179 1022 3258 diligenter
1053 3187 1126 3258 tere,

185 3339 198 3384 1
223 3330 311 3386 Verbo
329 3329 454 3400 Ligustri
471 3329 542 3385 folia
559 3347 644 3400 usque
662 3332 699 3385 od
717 3331 797 3386 dolor
816 3330 928 3386 desinet
942 3331 1029 3400 paulo
1047 3332 1127 3397 infra

106 3407 173 3472 poet
189 3402 273 3456 cerba
291 3402 351 3456 sine
370 3402 467 3456 dolore
486 3401 596 3456 excidet
614 3402 745 3456 collocato
763 3407 829 3456 3331
846 3404 879 3456 in
896 3403 993 3457 codice.
1051 3407 1084 3456 14
1103 3401 1127 3455 31

110 3478 176 3528 ante
199 3473 259 3528 sine
283 3489 333 3528 om.
441 3477 476 3526 20
500 3473 638 3541 porcaela.
747 3478 781 3526 21
806 3471 980 3542 Africanam]
1005 3472 1126 3542 aepagis.

111 3551 147 3599 25
166 3543 358 3610 herundinem,
376 3545 501 3598 1131318.

1151 3799 1287 3988 fl
