2609 4017
584 174 804 239 „32-

182 347 301 401 vetusto
334 338 381 399 vel
413 337 590 418 pedunculis
623 355 728 398 exesas
762 335 929 397 remedium
959 355 1103 417 praesens
1135 336 1198 398 bar·

184 429 317 490 baricum
342 427 477 507 quidem,
505 426 556 487 sed
581 426 683 486 multis
705 426 877 505 probatum:
906 425 1105 487 Scarabaeum
1128 426 1198 506 pilo-

185 536 268 600 sum,
291 520 344 598 qui
366 516 471 577 similis
500 522 546 576 est
570 514 729 576 scarabaeo
757 534 841 596 vero,
869 517 900 575 in
928 515 1051 595 sepibus
1073 517 1198 577 vetustis

184 607 326 687 lapidosis
358 613 409 666 aut
439 607 470 665 iu
503 606 622 666 fossatis
653 606 769 685 sepium
801 606 952 686 requires,
980 607 1032 683 qui
1064 608 1199 667 cationes

187 704 257 757 sunt
293 694 392 755 colore
428 693 617 775 pseudossavo
653 696 739 773 quasi
775 692 894 753 leonino
932 692 1020 772 pilosi
1056 693 1226 755 lucentesa

186 785 261 845 Ante
285 802 356 862 crgo
375 802 465 863 quam
482 781 567 843 illum
585 784 737 843 cntionem
754 781 849 863 tollas,
868 782 972 843 lolium
990 782 1085 844 caulis
1103 784 1199 863 primo

186 891 271 934 mane
295 892 364 934 cum
387 891 441 934 suo
466 871 524 933 sibi
542 890 610 932 rore
630 871 677 931 rel
695 880 779 951 gutta
797 869 938 932 conclusa
956 873 988 931 in
1007 871 1113 932 eodem
1130 871 1199 932 lolio

185 970 336 1044 teneatur,
360 970 401 1041 ut,
424 961 476 1022 ubi
490 964 649 1025 cntionem
673 960 757 1021 illum
779 962 929 1021 inveneris
955 959 1116 1040 digitisque
1139 960 1200 1040 pol-

185 1052 241 1112 lice
270 1059 299 1112 et
327 1049 496 1111 medicinali
523 1050 769 1130 adprehendens,
798 1049 955 1111 conlostim
983 1067 1073 1128 supra
1097 1049 1199 1110 lolium

186 1140 260 1202 illud
283 1140 376 1203 caulis
400 1149 510 1220 teneas,
534 1146 568 1200 ut
591 1157 682 1218 snpra
704 1146 819 1218 guttam
842 1138 921 1199 illam
943 1138 1049 1200 lotium
1068 1140 1133 1199 eius
1152 1157 1200 1199 cx·
1215 1157 1240 1195 ro

186 1232 291 1311 cipias,
318 1232 386 1307 quia
409 1228 461 1289 ubi
485 1246 575 1289 manu
598 1228 803 1307 adprehensus
827 1227 931 1307 luerit,
954 1230 1052 1288 statim
1076 1246 1109 1289 se
1131 1227 1201 1288 sub·

186 1321 276 1379 meiit
316 1316 535 1378 Providendum
559 1334 639 1397 ergo,
663 1326 698 1378 ut
719 1316 851 1378 velocius
879 1334 970 1395 supra
996 1315 1101 1376 folium
1127 1316 1201 1377 illud

187 1406 279 1469 caulis
298 1414 435 1487 ponatur,
459 1424 496 1466 ne
515 1405 619 1467 lotium
639 1408 713 1486 cius,
732 1405 812 1485 quod
831 1407 890 1467 cito
910 1405 1042 1484 effundit,
1065 1405 1137 1466 alibi
1152 1424 1201 1465 ex·

187 1496 279 1577 oidat3
307 1495 387 1575 quod
415 1497 607 1557 commixtum
635 1514 704 1556 oum
732 1494 782 1555 illo
808 1513 876 1555 rore
900 1494 995 1556 caulis
1017 1512 1072 1573 per
1095 1494 1201 1573 specil-

186 1584 248 1645 lum
267 1584 416 1665 palpebris
435 1586 560 1664 inpones
580 1592 610 1645 et
632 1583 696 1644 loca
720 1583 825 1645 scabra
847 1582 893 1644 vel
916 1602 1005 1643 exesa
1026 1586 1106 1644 inter
1124 1581 1201 1663 pilos
1216 1600 1241 1639 ιι

186 1692 345 1755 perunges,
370 1674 507 1735 effectum
531 1675 576 1733 rei
599 1675 659 1734 cito
682 1672 847 1734 miraberis.
888 1671 973 1742 Quod
997 1674 1023 1733 si
1045 1691 1117 1733 casu
1140 1690 1201 1732 uno

186 1766 218 1823 in
245 1763 311 1824 loco
339 1762 384 1823 vel
413 1765 444 1823 in
472 1763 598 1823 diversis
631 1762 734 1842 plures
766 1763 841 1822 istos
873 1764 1010 1822 cationes
1041 1763 1202 1843 inveneris,

187 1854 319 1913 omnium
346 1852 451 1913 lotium
480 1851 526 1912 vel
554 1870 703 1932 umorem,
731 1850 979 1930 quemadmodum
1003 1850 1145 1930 diximus,
1170 1852 1201 1909 in

187 1941 256 2000 lolio
284 1940 377 2002 caulis
405 1940 499 2001 umidi
527 1942 625 2000 statim
654 1940 691 2000 de
718 1939 806 2000 horto
835 1940 989 2018 suscipere
1019 1938 1142 1999 debebis
1172 1947 1202 1998 et

187 2029 310 2090 adiectis
333 2029 427 2107 guttis
449 2028 576 2089 aliorum
599 2028 635 2088 de
656 2028 739 2089 caule
758 2028 896 2089 loliorum
915 2030 946 2088 in
965 2028 1084 2089 vasculo
1106 2030 1200 2089 vitreo
1215 2044 1243 2083 so

187 2117 363 2197 recondere,
391 2125 426 2177 ut
453 2135 522 2177 cum
550 2135 624 2195 opus
649 2118 742 2178 luerit
764 2125 882 2197 praesto
905 2116 1028 2199 habeas,
1052 2114 1123 2197 qnia
1146 2117 1201 2177 dil-

135 2205 309 2268 tttiiculter
336 2205 508 2266 huiusmodi
534 2205 677 2267 bestiolae
708 2208 909 2267 inveniuntur.
955 2205 999 2266 Ad
1032 2205 1201 2285 albuginem

187 2294 341 2355 oculorum
357 2294 567 2375 detergendam
583 2295 686 2357 efficax
700 2295 758 2356 boc
772 2296 952 2356 remedium:
966 2293 1092 2375 Vulpem
1105 2297 1202 2355 vivam

187 2386 286 2464 capies
310 2386 397 2464 eique
421 2383 551 2464 linguam
579 2384 734 2464 praecides
757 2386 913 2464 ipsamque
935 2386 1029 2445 vivam
1059 2384 1202 2462 dimittes,

186 2472 315 2551 linguam
346 2481 444 2534 autem
469 2475 533 2534 eius
562 2473 721 2533 arefactam
748 2472 905 2553 phoenicio
933 2472 1038 2552 ligabis
1067 2482 1097 2534 ot
1124 2472 1201 2533 collo
1216 2489 1244 2529 aa

134 2564 266 2644 tuosius,
281 2564 332 2642 qui
347 2562 515 2642 albuginem
529 2564 670 2642 patietur,
685 2561 858 2640 suspendes.
881 2560 999 2621 Harbae
1013 2561 1202 2642 symphonia·

187 2670 239 2713 cae
263 2652 418 2714 surculum
441 2651 515 2713 eollo
540 2653 614 2732 eius,
638 2653 691 2730 qui
716 2650 885 2730 albuginem
907 2652 1029 2732 patitur,
1051 2650 1113 2711 lino
1136 2668 1202 2712 sus·
1240 2662 1248 2675 '

186 2741 308 2822 pendes,
332 2744 374 2802 ita
395 2750 430 2802 ut
452 2759 507 2820 per
530 2741 594 2801 dies
617 2742 740 2819 triginta
763 2740 822 2800 illic
846 2742 898 2800 sit:
921 2747 1032 2818 quanto
1051 2741 1203 2801 recentior

134 2830 299 2909 tatalbugo
323 2830 428 2909 luerit,
455 2838 537 2889 tanto
566 2831 654 2890 citius
684 2827 844 2889 sanabitur.
884 2828 1096 2890 Rosmarinum
1122 2846 1202 2890 com·

186 2918 262 2979 bure
290 2927 321 2979 et
347 2915 501 2996 pulvorem
530 2919 595 2977 aius
624 2935 692 2978 carm
720 2916 806 2977 melle
829 2916 927 2978 Attico
955 2917 1114 2998 diligenter
1136 2925 1201 2979 tere
1215 2936 1244 2975 ao

187 3025 221 3066 ac
248 3007 396 3085 permisce
425 3013 513 3085 atquo
541 3005 610 3065 indo
640 3007 765 3086 inunge,
793 3006 949 3068 confestim
977 3006 1136 3068 subvenies
1162 3008 1202 3088 ei,

136 3096 246 3175 lanqui
273 3094 441 3173 albuginem
471 3094 591 3172 patitur.
635 3093 746 3155 Fabam
773 3094 896 3157 fractam
927 3103 1084 3175 purgatam
1111 3103 1202 3174 atque

186 3191 284 3245 ustam
307 3183 343 3243 ad
367 3200 511 3243 summam
530 3182 680 3244 levitatem
704 3191 784 3245 teres
804 3192 834 3245 et
853 3184 955 3245 oculos
973 3184 1043 3246 inde
1061 3183 1201 3263 albugine

187 3279 348 3351 occupatos
367 3271 491 3333 adsidue
510 3290 546 3332 ex
565 3290 641 3352 aqua
661 3272 860 3353 circumlines,
885 3276 961 3335 miro
979 3274 1112 3337 remedio
1131 3272 1201 3334 sub·

136 3363 301 3425 merenies.
347 3361 442 3421 Piscis
470 3363 578 3422 marini
605 3360 686 3443 lello,
719 3364 771 3441 qui
803 3364 936 3442 scorpios
965 3362 1088 3444 dieitur,
1120 3360 1199 3423 oculi
1214 3376 1241 3420 as

191 3452 308 3511 inuncti
330 3449 454 3528 caligine
478 3458 567 3529 atque
588 3449 725 3529 albugine
745 3454 879 3529 quamvis
897 3470 997 3513 crassa
1016 3454 1076 3513 cito
1094 3451 1200 3513 libera-

135 3538 314 3602 134buntur.
360 3538 487 3617 Sanguis
514 3538 719 3600 columbarum
747 3539 783 3599 de
809 3539 874 3602 loco
898 3544 1055 3622 pinnarum
1079 3559 1114 3601 co
1139 3559 1199 3601 mo·

146 3785 167 3839 'i
