2609 4017
566 140 787 204 ..40-

169 302 335 365 remedium
352 301 488 383 habebit3
511 320 608 381 neque
628 310 726 381 curet,
745 303 772 361 si
790 302 854 361 dies
872 300 976 361 blartis
994 308 1046 361 aut
1065 300 1187 362 Saturni

117 406 152 455 14
170 396 202 454 in
225 392 279 453 has
302 392 387 453 lunas
406 391 554 451 inciderit.
591 390 784 451 Eteroerania
803 392 866 450 sive
885 392 1045 451 emicrania
1064 390 1187 451 discutit
1292 401 1296 482 p

169 482 243 543 baec
258 482 438 560 conpositio:
452 478 550 540 Gallae
567 478 705 559 Syriacae
715 512 758 521 —
768 477 817 557 ΙΙΙ,
830 481 1074 558 crocomagmatis
1088 512 1125 521 —
1139 477 1187 561 ΙΙΙ,
1293 509 1295 516 ·

171 571 250 631 aloes
278 567 400 649 -ΙΙΙ,
428 568 480 630 sed
511 567 601 648 gadas
629 570 715 647 prius
742 566 851 629 tondes
879 576 910 628 et
936 566 1091 649 criblabis,
1123 577 1186 628 tum
1292 605 1296 679 p

171 666 270 721 cetera
298 656 435 718 similiter
459 664 546 718 tunsa
575 665 605 718 et
630 656 760 717 cribrata
782 656 923 717 miscebis
945 657 1036 736 idque
1059 656 1213 717 medica-⁵

170 764 239 807 men
263 749 294 806 in
317 744 424 825 pyxide
447 746 600 807 conditum
624 745 756 806 servabis
785 764 912 824 cumque
942 763 1016 806 usus
1045 748 1186 825 exegerit,

171 854 206 896 ex
235 844 319 896 aceto
347 842 545 914 temperatum
569 842 653 915 parte
677 834 785 895 frontis
815 852 890 913 quiae
913 833 1025 895 dolebit
1052 836 1186 914 inpones.

120 936 152 985 15
171 924 282 984 Terrae
315 924 509 1004 Aegyptiacae
538 931 638 1004 partes
675 922 762 1005 duas,
795 924 1039 1002 crocomagmatis
1070 931 1187 1001 partem

172 1030 260 1074 unam
284 1030 351 1073 cum
374 1020 458 1073 aceto
476 1012 704 1091 diligentissime
727 1031 762 1073 ac
784 1014 985 1072 minutissime
1009 1019 1132 1072 contere
1156 1018 1187 1071 et

119 1114 152 1163 to
171 1110 286 1181 partem
310 1120 385 1181 quae
409 1100 520 1161 dolebit
543 1100 669 1162 inlinito.
716 1100 774 1180 Opi
797 1100 885 1182 -Ι,
910 1098 1080 1179 colophonii
1102 1132 1148 1143 -
1166 1098 1186 1179 Ι,
1200 1112 1227 1152 1⁰

172 1208 288 1270 myrrae
308 1222 350 1231 -
365 1190 387 1270 l,
406 1189 575 1269 hyoscyami
592 1190 672 1270 -Ι,
690 1189 856 1269 peucedani
870 1222 912 1233 —
928 1188 950 1269 Ι,
964 1188 1065 1249 anethi
1079 1221 1123 1231 —
1138 1188 1188 1269 ΙΙΙ,

172 1280 416 1358 crocomagmatis
432 1310 471 1321 —
483 1277 504 1360 Ι,
523 1296 660 1339 seorsum
673 1278 747 1339 haec
760 1278 869 1339 tundes
884 1287 914 1339 et
928 1276 1051 1338 criblata
1064 1279 1096 1337 in
1110 1294 1188 1337 mor-

172 1368 248 1427 tario
267 1366 435 1428 diutissime
455 1376 593 1428 conteres
612 1376 642 1428 et
661 1386 697 1427 ex
716 1375 800 1427 aceto
818 1369 929 1447 optimo
944 1367 981 1427 de
995 1366 1052 1426 hoc
1066 1366 1188 1445 pulvere

172 1455 293 1535 collyria
312 1453 453 1515 formabis
471 1474 599 1534 cumque
615 1474 691 1535 opus
710 1456 853 1538 fueritin
872 1464 938 1516 cote
958 1473 995 1516 ex
1009 1462 1092 1516 aceto
1108 1462 1189 1514 teres

172 1551 202 1606 et
221 1546 350 1625 spissum
370 1546 449 1625 parti
468 1545 573 1605 frontis
593 1553 623 1605 et
641 1552 811 1623 temporum
826 1562 901 1623 quae
916 1543 1028 1604 dolebit
1041 1552 1110 1604 ante
1125 1542 1189 1603 dili·
1202 1554 1229 1595 1⁶

119 1646 152 1697 11
173 1642 278 1714 genter
297 1633 431 1694 detersae
451 1634 624 1713 frequenter
643 1634 776 1695 induces.
814 1632 911 1693 Grana
929 1632 1057 1693 hederae
1078 1643 1109 1693 et
1128 1650 1189 1692 ser-

172 1722 285 1802 pullum
305 1724 370 1801 pari
387 1723 520 1802 pondere
538 1730 618 1784 teres
637 1740 674 1782 ex
692 1730 777 1783 aceto
795 1731 826 1783 et
843 1720 913 1781 inde
932 1731 1028 1782 totum
1047 1722 1190 1782 verticem

120 1811 356 1891 1spertrieabis.
398 1812 490 1872 Bacas
514 1811 590 1872 lauri
614 1830 649 1871 cr
671 1822 755 1872 aceto
773 1813 860 1871 tritas
880 1809 994 1872 adiecto
1014 1809 1079 1871 oleo
1098 1810 1191 1869 tronti

121 1912 153 1962 19
173 1902 298 1977 inpones
317 1899 474 1960 adversum
493 1900 673 1960 eterocranii
690 1898 849 1959 molestias.
885 1898 1078 1960 Peucedanns
1096 1897 1191 1959 herba

173 1990 243 2047 trita
267 2006 304 2047 ex
327 1994 411 2048 aceto
430 1996 461 2047 et
479 1986 543 2047 oleo
563 1989 654 2048 lronti
673 1986 757 2047 inlita
775 1990 961 2048 eterocrania
979 1990 1078 2048 statim
1097 1987 1190 2047 sedat.
1204 2000 1232 2039 2⁰

119 2089 155 2138 2ο
174 2074 273 2135 Herba
297 2075 343 2135 vel
365 2074 476 2136 hedera
499 2078 530 2136 in
554 2077 650 2154 capite
677 2083 791 2137 statuae
815 2075 975 2137 cuiushbet
997 2078 1079 2137 nasci
1102 2075 1192 2136 solet:

174 2183 207 2225 ea
231 2166 257 2225 si
278 2166 309 2223 in
328 2181 426 2242 panno
445 2164 512 2224 rulo
531 2166 592 2225 acia
613 2165 678 2226 ruia
698 2164 744 2225 vel
762 2165 823 2226 lino
842 2165 910 2225 rulo
928 2164 1016 2244 ligata
1036 2166 1127 2243 capiti
1143 2163 1192 2224 vel

173 2252 359 2331 temporibus
378 2252 523 2333 alligetur,
541 2256 651 2314 mirum
670 2254 836 2314 remedium
855 2255 1015 2315 emicranio
1029 2252 1075 2313 vel
1094 2261 1192 2313 etero-

121 2354 154 2403 21
174 2343 284 2401 craniis
311 2340 482 2420 praestabit.
527 2342 639 2402 Novem
667 2360 757 2422 grana
785 2344 899 2421 piperis
926 2345 957 2403 in
988 2344 1055 2402 vino
1079 2344 1191 2419 optimo

174 2438 254 2490 teres
279 2437 367 2508 atque
392 2449 427 2491 ex
446 2448 481 2490 eo
501 2430 629 2492 frontem
653 2437 684 2491 et
707 2439 841 2509 tempora
863 2430 971 2492 inlines
993 2432 1025 2491 in
1049 2449 1083 2491 ea
1105 2437 1191 2508 parte
1206 2443 1234 2486 ss

10 2566 12 2569 ψ
121 2531 155 2581 22
175 2520 289 2600 capitis,
314 2537 388 2598 quae
413 2519 449 2580 de
469 2521 628 2581 emicranio
648 2519 769 2581 dolebit.
811 2518 923 2579 Sucum
945 2519 981 2579 de
1000 2518 1057 2579 alio
1075 2521 1107 2578 in
1126 2536 1192 2579 eam

175 2626 287 2689 aurem,
311 2627 347 2669 ex
371 2611 457 2670 cuius
480 2617 564 2689 parte
588 2608 674 2670 dolor
697 2610 852 2669 emicranii
874 2608 973 2688 luerit,
995 2607 1144 2669 infundes.

606 2749 686 2811 CAP.
710 2749 758 2810 ΙΙΙ.

468 2862 525 2918 Ad
545 2861 748 2929 vertiginem
770 2860 900 2930 ospitis.

266 2961 310 3022 Ad
334 2964 509 3041 vertiginem
533 2964 651 3043 capitiS,
676 2980 763 3042 quiam
787 2962 893 3023 Graeci
915 2970 1047 3023 scotoma
1073 2968 1192 3023 vocant:

143 3064 156 3113 1
176 3050 345 3111 Peucedani
364 3050 438 3131 Xll,
458 3053 585 3111 castorei
604 3050 666 3131 xi,
689 3051 858 3132 sphondylii
877 3050 938 3132 ill,
958 3050 1099 3112 bacarum
1114 3050 1192 3111 lauri

175 3149 368 3218 purgatarum
387 3139 448 3200 ill.
484 3138 632 3200 Terentur
649 3140 724 3201 haec
743 3143 841 3201 omnia
860 3140 1018 3219 diligenter
1037 3147 1067 3200 et
1090 3158 1126 3200 ex
1144 3138 1192 3199 his
1206 3154 1235 3193 eo

176 3236 362 3308 conponetur
385 3228 646 3309 medicamentum3
671 3228 750 3307 quod
774 3247 842 3289 cum
866 3247 941 3309 opus
960 3230 1027 3306 crit,
1049 3228 1192 3288 admisce-

246 3369 262 3417 2
282 3362 426 3419 incederit.
515 3362 723 3419 heterocranis.
814 3369 832 3417 4
855 3362 965 3418 alcidis.
1057 3369 1073 3418 ‘t
1096 3362 1191 3417 fronti.

176 3438 208 3488 11
237 3432 393 3503 piccedsni.
496 3439 528 3489 13
557 3434 685 3489 conteris.
786 3439 820 3487 14
848 3436 920 3489 cute.
1023 3440 1055 3489 16
1084 3434 1191 3489 ederae.

177 3510 210 3560 ts
230 3504 408 3575 eterogranii.
481 3511 515 3560 23
535 3504 697 3575 erograniis.
770 3510 804 3558 26
823 3504 971 3575 migrenio.
