2609 4017
578 184 822 250 -342-

194 357 310 410 mentae
335 351 401 409 suci
424 348 526 410 viridis
551 340 669 436 pvb
690 349 902 429 staphisagriae
927 338 1036 435 QVI,
1064 349 1119 409 iris
1144 347 1216 428 llly-

193 440 274 498 ricae
294 430 334 525 pl·
353 437 399 518 Vl,
423 437 560 499 aluminis
580 440 668 499 scissi
686 431 726 524 19‘
745 437 791 519 vt,
813 456 931 516 myrrae
951 430 990 525 '9‘
1012 437 1062 516 ΙΙΙ,
1085 439 1216 498 seminis

192 525 303 588 herbae
327 526 552 606 symphoniacae
577 529 672 588 siccae
692 520 732 612 2·
751 525 800 588 lll.
830 525 910 588 llaec
930 529 1028 586 omnia
1047 529 1214 606 separatim

193 618 264 676 trita
293 615 380 678 simul
408 615 549 676 miscebis
577 624 606 677 et
633 619 744 676 iterum
773 616 862 676 simul
885 623 978 696 teres3
1005 615 1075 676 inde
1097 616 1212 694 empla-

193 712 288 765 strum
312 704 404 764 lacies
428 704 472 764 vel
498 706 652 784 pittacium
682 712 712 765 et
739 722 833 783 pones
860 707 893 764 in
915 704 1015 765 dextri
1036 703 1121 783 pedis
1145 703 1241 784 pol-s

192 791 258 873 lice,
281 810 348 852 cum
372 794 417 852 uti
436 792 564 853 volueris
584 811 702 874 venere,
726 800 756 853 et
779 811 847 854 eum
868 811 987 855 cessare
1006 793 1147 874 volueris,
1171 793 1210 854 ad

192 881 308 942 sinistri
330 881 415 960 pedis
439 881 576 960 pollicem
600 883 773 942 transferes.

156 982 172 1030 9
280 968 324 1029 rid
353 972 500 1048 cepariam
529 973 676 1032 satureiae
704 972 800 1031 siccae
827 969 933 1032 florem
960 970 1064 1049 collige
1088 978 1118 1032 et
1141 970 1209 1050 pul-

158 1099 159 1103 ,
191 1075 290 1118 verem
315 1059 384 1120 inde
410 1059 498 1120 lacito
520 1067 550 1119 et
568 1059 734 1120 melilotnm
753 1058 894 1121 combure
913 1067 945 1119 et
962 1060 1115 1138 pulverem
1134 1059 1207 1120 inde

191 1147 293 1227 lacit03
317 1147 454 1208 similiter
478 1147 514 1208 de
538 1149 669 1228 cydoneo
694 1150 774 1208 sicco
798 1148 963 1228 combusto,
985 1151 1075 1208 etiam
1098 1149 1136 1209 de
1161 1167 1250 1230 eo,1o

191 1239 243 1315 qui
270 1238 301 1296 in
329 1236 434 1297 arbore
463 1236 538 1299 solet
566 1239 665 1298 siccus
693 1255 861 1317 remanere,
884 1237 1038 1316 pulverem
1061 1237 1152 1298 laeito
1176 1249 1209 1298 et

191 1323 313 1384 cribello
337 1324 505 1385 medicinali
528 1343 646 1386 omnem
670 1325 824 1405 pulverem
846 1344 936 1387 cerne
957 1334 987 1386 et
1004 1328 1155 1405 permisce
1175 1335 1208 1387 et

190 1430 258 1472 cum
283 1414 350 1472 vino
374 1421 474 1474 vetere
499 1413 639 1476 calefacto
664 1414 763 1475 locum
786 1413 892 1494 inline,
915 1417 1004 1495 etiam
1026 1414 1117 1476 linteo
1142 1414 1206 1476 illic

190 1501 325 1580 adposito
349 1510 429 1581 tege,
455 1505 495 1563 ita
519 1510 626 1583 tamen,
650 1510 685 1564 ut
707 1503 782 1563 duae
806 1510 906 1580 partes
929 1505 990 1563 sint
1012 1503 1048 1563 de
1072 1506 1206 1564 satureia

190 1598 219 1650 et
247 1590 378 1670 singulae
407 1591 443 1652 de
471 1591 601 1652 meliloto
631 1600 661 1653 et
689 1591 836 1672 cydoneo;
864 1592 916 1652 sed
945 1593 1082 1671 quotiens
1108 1592 1206 1653 medi·
1222 1610 1247 1650 15

190 1697 293 1740 camen
317 1697 420 1761 pones,
444 1683 511 1741 vino
534 1688 634 1741 vetere
658 1679 754 1741 calido
777 1681 862 1758 prius
885 1680 993 1742 locum*
1006 1680 1082 1742 elue.

137 1777 170 1826 10
278 1767 406 1848 Myrram
420 1771 452 1828 in
465 1768 619 1847 pulverem
634 1768 878 1829 delicatissimum
892 1770 994 1848 redige
1008 1769 1087 1830 etad
1102 1769 1206 1831 locum

189 1857 323 1936 cepariae
347 1857 470 1918 adsidue
494 1875 562 1918 cum
586 1859 653 1918 vino
677 1866 777 1918 vetere
801 1876 892 1938 pone,
915 1861 990 1919 mire
1012 1858 1205 1920 remediabis.
1297 1930 1298 1943 χ

137 1955 169 2003 11
278 1945 322 2005 Ad
351 1946 496 2007 infantum
525 1946 679 2007 testiculos
707 1948 830 2007 vitiosos
859 1947 904 2006 vel
932 1954 1081 2008 tumentes
1105 1965 1204 2008 reme·
1297 2006 1298 2025 2

189 2032 270 2093 dium
294 2033 398 2094 efficax
422 2037 479 2095 sic:
502 2035 656 2116 Araneam,
680 2053 755 2114 quae
778 2053 832 2114 per
855 2035 937 2096 iilum
961 2054 1048 2096 suum
1067 2053 1101 2096 se
1120 2055 1202 2097 sum·
1219 2053 1246 2093 m
1297 2028 1298 2055 ¹

187 2123 289 2201 mittit,
304 2122 420 2198 quando
436 2140 555 2184 sursum
570 2142 675 2184 versus
690 2125 794 2204 currit,
809 2141 879 2203 rape
894 2133 1005 2187 etcum
1020 2142 1096 2203 aqua
1106 2125 1204 2186 calida

187 2210 288 2270 tritam
312 2211 453 2270 continuo
478 2209 514 2270 da
537 2212 642 2274 infanti
665 2211 831 2273 bibendam.

135 2309 168 2357 12
276 2297 320 2358 Ad
348 2296 558 2360 abundantiam
591 2303 713 2362 seminis
743 2302 974 2380 praeparandam
1002 2320 1121 2363 erucam
1152 2302 1203 2363 de·

187 2393 301 2448 coctam
324 2385 415 2468 bibat,
439 2390 578 2468 quotiens
602 2391 729 2469 quisque
752 2391 852 2468 inopia
871 2392 993 2451 seminis
1013 2409 1045 2451 se
1063 2390 1202 2452 laborare

186 2478 380 2557 perspexerit,
404 2476 450 2536 vel
473 2479 574 2557 potius
597 2478 720 2539 adsidue
744 2481 889 2540 incoctam
913 2479 1079 2542 manducet.
1216 2497 1245 2537 as

134 2575 167 2624 13
275 2564 319 2625 Ad
339 2567 449 2625 veretri
469 2584 571 2626 curam
590 2568 842 2646 auripigmentum
861 2575 891 2628 et
910 2567 993 2628 aloen
1009 2571 1112 2648 aequis
1125 2586 1201 2648 pon·

186 2653 308 2714 dacibus
331 2657 436 2715 tritum
455 2661 485 2714 et
503 2657 534 2715 in
552 2655 704 2735 pulverem
724 2655 878 2716 redactum
897 2655 1036 2716 miscebis
1055 2665 1086 2718 et
1104 2659 1200 2718 uteris

188 2761 256 2803 cum
280 2744 348 2803 vino
374 2750 473 2804 vetere
497 2745 546 2821 ita,
570 2752 603 2804 ut
625 2747 710 2822 prius
734 2753 883 2804 veretrum
907 2746 976 2804 vino
996 2753 1096 2806 vetere
1118 2745 1200 2807 eluas

134 2842 168 2890 14
188 2839 218 2891 et
237 2833 280 2891 sic
300 2831 493 2892 medicamine
513 2850 702 2911 consperges.
734 2832 777 2892 Ad
796 2835 906 2894 veretri
926 2832 1058 2894 dolorem
1077 2852 1200 2895 caseum

186 2921 340 2997 caprinum
365 2926 394 2980 et
417 2919 476 2980 mel
498 2923 563 2999 pari
585 2921 718 2999 pondere
742 2923 774 2981 in
796 2920 925 3000 pultario
948 2922 1032 2983 fictili
1050 2941 1147 3002 coque
1168 2932 1199 2984 et
1213 2939 1241 2978 ao

186 3005 232 3066 bis
262 3007 298 3068 ad
327 3007 405 3068 diem
436 3010 568 3090 impone,
602 3009 654 3070 sed
685 3018 753 3070 ante
780 3011 848 3070 vino
876 3020 976 3072 vetere
1005 3010 1118 3093 locum,
1146 3013 1201 3090 qui

133 3108 165 3158 15
186 3096 337 3157 curandus
361 3103 421 3176 est,
444 3096 534 3158 eluas,
575 3096 656 3158 Folia
679 3100 768 3178 myrti
789 3101 909 3161 ieiunus
933 3100 1144 3161 commanduca
1169 3109 1201 3161 et

184 3188 216 3246 in
239 3186 339 3248 ulcera
362 3187 473 3246 veretri
496 3203 600 3267 expuo,
624 3189 723 3248 statim
747 3186 889 3264 proderit.

132 3285 164 3335 16
272 3275 315 3334 Ad
341 3282 474 3335 tumores
498 3283 529 3334 et
552 3273 669 3336 dolores
693 3274 899 3336 testiculorum
923 3276 1054 3337 brassica
1077 3279 1196 3338 incocta

183 3381 251 3424 cum
270 3362 330 3424 sale
349 3365 419 3424 trita
437 3365 635 3446 impositaque
653 3363 797 3444 prodesse
816 3365 1001 3446 adfirmatum
1024 3367 1195 3444 pastinacae
1208 3379 1234 3420 11

70 3688 204 3978 Ὗ

272 3553 307 3601 34
326 3547 461 3618 brassica]
481 3550 515 3616 ef.
531 3550 609 3604 Plio.
625 3567 653 3606 n.
667 3551 692 3606 b.
708 3557 751 3621 20,
766 3556 808 3607 89.
