2609 4017
572 182 792 247 ..30-

178 369 211 410 ac
240 356 342 429 postea
370 350 400 408 in
429 346 515 407 ollam
539 346 659 407 fictilem
684 364 788 406 novam
817 346 1008 406 coniciuntur
1032 364 1101 407 cum
1124 348 1204 425 ipso

178 446 276 519 aceto,
300 455 388 517 quam
411 436 487 497 bene
510 444 644 516 opertam
667 438 700 495 in
718 437 826 514 equino
846 443 978 495 stercore
996 434 1085 495 obrui
1103 454 1203 514 opor·-

178 534 222 589 tet
245 536 332 605 atque
355 524 416 586 illic
439 524 542 585 baberi
566 544 620 605 per
643 524 706 585 dies
725 523 790 605 XL3
813 533 916 603 postea
936 523 1008 583 baec
1031 526 1200 603 permixtio

179 620 208 677 in
238 614 299 675 sole
327 615 444 674 arefieri
472 613 561 674 debet
592 633 626 674 ac
654 613 762 673 deinde
790 614 848 673 teri
875 619 913 672 etx
935 619 997 672 tum
1026 631 1103 692 aqua
1127 613 1198 693 plu-

178 704 247 764 viali
274 703 394 784 collyria
423 704 545 763 formari
569 704 720 783 convenit,
747 701 784 762 de
808 700 918 781 quibus
941 708 971 762 et
992 702 1096 781 inungi
1121 720 1235 763 ocu-⁵

179 794 236 873 los,
264 800 297 852 ut
322 810 412 872 supra
435 794 579 872 scriptum
604 800 664 873 est,
687 794 785 852 causis
808 790 948 869 gravibus
970 789 1138 852 laborantes
1161 800 1199 851 et

127 898 177 949 126
186 881 330 961 superlini
353 884 498 962 optimum
522 888 575 942 est.
618 881 661 941 dd
687 879 841 941 oculorum
865 898 981 940 omnem
1005 878 1138 940 dolorem
1162 890 1200 941 et

178 979 365 1051 praesentem
394 978 423 1031 et
451 979 582 1032 veterem
609 978 639 1030 et
668 969 702 1029 ad
731 968 886 1047 caliginem
910 975 998 1048 atque
1021 967 1198 1048 albuginem

179 1068 208 1121 et
236 1062 385 1139 pruritum
414 1067 503 1140 atque
532 1062 697 1139 antiquam,
726 1067 759 1119 ut
781 1060 821 1118 ita
845 1058 982 1137 dixerim,
1009 1059 1195 1119 caecitatem.

178 1148 251 1210 Nam
276 1159 309 1210 nt
332 1151 447 1210 auctori
470 1148 558 1210 buius
582 1148 708 1208 remedii
734 1146 772 1207 de
799 1148 1002 1226 experimento
1025 1147 1196 1226 credamus,
1217 1166 1251 1205 ao

180 1238 336 1298 duodecim
365 1255 510 1298 annorum
537 1256 626 1298 caeco
654 1238 732 1297 intra
760 1235 823 1296 dies
851 1238 957 1315 viginti
979 1236 1074 1297 visum
1102 1238 1193 1296 resti·

179 1329 273 1387 tuisse
302 1327 441 1387 sedicit.
488 1325 604 1397 Quanto
633 1333 732 1387 autem
759 1327 909 1386 recentior
932 1324 1068 1385 valetudo
1099 1325 1197 1385 fuerit
1304 1393 1305 1396 Ἴ

179 1414 344 1495 oculorum,
367 1422 448 1475 tanto
473 1414 604 1475 velocius
627 1414 783 1476 curabitur
805 1414 999 1475 medicamine
1024 1413 1083 1475 tali.
1124 1413 1194 1475 Col-

178 1503 251 1583 lyria
270 1503 356 1565 multi
375 1505 503 1586 generis,
526 1503 556 1564 id
576 1512 623 1564 est
641 1504 687 1565 vel
705 1503 807 1564 decem
827 1504 1056 1584 confectionum,
1074 1502 1196 1582 aequali

178 1593 223 1653 vel
247 1611 372 1653 nurnero
391 1592 438 1653 vel
456 1593 587 1673 pondere
610 1593 750 1655 infundes
768 1596 800 1653 in
823 1592 927 1654 lotium
951 1594 1038 1671 pueri
1067 1594 1195 1670 virginis
1215 1610 1248 1651 ιε»

179 1690 208 1743 et
231 1683 266 1743 ad
290 1684 393 1743 uncias
417 1682 549 1762 singulas
573 1682 772 1763 collyriorum,
791 1700 866 1761 quae
889 1680 1045 1761 infuderis,
1068 1689 1195 1760 septena

178 1788 268 1850 grana
296 1774 409 1852 piperis
436 1774 468 1833 in
498 1774 637 1832 mortario
666 1771 759 1832 nitido
788 1770 1012 1850 diligentissime
1038 1777 1129 1850 teres,
1158 1778 1196 1831 ut

178 1859 330 1938 pulverem
360 1860 586 1921 subtilissimum
617 1861 706 1921 facias
738 1868 768 1920 et
796 1878 864 1920 cum
893 1858 989 1919 mellis
1012 1860 1116 1937 optimi
1139 1859 1192 1919 de·

179 1950 307 2026 spumati
335 1947 519 2010 coclearibus
547 1948 645 2009 tribus
673 1947 812 2009 miscebis
840 1956 871 2008 et
898 1951 1006 2008 iterum
1032 1947 1194 2026 diligenter

178 2044 271 2117 teres3
291 2045 393 2116 postea
413 2036 500 2098 simul
520 2038 685 2098 confundes
704 2039 812 2118 omnia,
831 2037 860 2097 id
876 2044 921 2097 est
936 2035 1066 2116 collyria,
1085 2036 1193 2097 lotium
1210 2054 1244 2094 ao

178 2134 208 2185 et
231 2127 317 2204 piper
340 2126 411 2186 illud
436 2139 504 2186 cum
527 2125 613 2187 melle
638 2134 668 2187 et
691 2129 800 2187 iterum
824 2125 990 2187 diutissime
1014 2144 1047 2186 ac
1066 2125 1194 2204 diligen-

178 2216 291 2273 tissime
315 2222 395 2274 teres
418 2214 636 2295 collectumque
658 2216 751 2276 nitide
775 2218 805 2276 in
831 2216 937 2295 pyxide
957 2234 1067 2295 cuprea
1085 2233 1193 2276 recon-

178 2302 230 2362 des
254 2310 342 2381 atque
366 2321 459 2363 exeo
484 2303 646 2383 quemlibet
670 2303 825 2365 oculorum
849 2306 1016 2365 causariam
1040 2307 1135 2383 intus,
1160 2304 1194 2365 id

178 2402 223 2451 est
246 2392 324 2451 intra
347 2392 459 2473 oculos,
478 2394 612 2471 inunges.
648 2392 733 2463 Quod
753 2396 778 2454 si
797 2412 851 2474 per
870 2403 987 2473 tempus
1005 2393 1193 2454 medicamen

177 2483 335 2561 spissatum
364 2481 467 2563 fuerit,
499 2480 603 2542 fotium
636 2482 751 2561 puerile
784 2482 904 2543 infantis
937 2493 1080 2562 quantum
1112 2500 1191 2561 opus
1207 2500 1241 2541 ac

177 2570 277 2651 fauerit,
300 2577 334 2631 ut
356 2588 438 2631 more
463 2570 578 2651 collyrii
600 2570 747 2651 liquidum
769 2572 828 2651 fiat,
852 2571 990 2632 infundes
1013 2573 1108 2632 etsie
1131 2572 1191 2632 sub

178 2660 245 2721 cilio
270 2668 299 2720 et
321 2660 485 2741 palpebris,
508 2660 537 2721 id
562 2668 607 2721 est
631 2662 709 2721 intra
733 2660 843 2741 oculos,
869 2663 948 2721 sicut
970 2660 1108 2740 diximus,
1132 2660 1191 2721 sol-

177 2746 257 2809 licite
279 2750 415 2828 inunges.
457 2749 520 2810 Hoc
542 2750 739 2810 medicamine
762 2748 864 2811 multis
887 2751 1098 2829 experimentis
1121 2768 1190 2829 pro-

177 2835 244 2896 bato
269 2844 384 2898 constat
407 2837 482 2898 nibil
505 2855 571 2898 esse
594 2840 808 2917 praestantius,
836 2840 862 2898 si
886 2840 953 2918 quis
976 2857 1011 2898 eo
1035 2846 1134 2899 castus
1157 2846 1190 2900 et

125 2937 276 3003 impurus
299 2932 408 2986 utatur.
445 2924 628 2986 Medicamen
651 2926 840 2988 barbaricum
859 2928 894 2987 ad
914 2929 1011 2987 omnis
1029 2927 1185 2989 oculorum
1204 2944 1234 2984 oc

176 3030 280 3073 causas
301 3013 345 3073 vel
364 3015 503 3094 impetus,
527 3016 587 3074 sive
607 3018 667 3075 sint
686 3015 783 3076 scabri
803 3023 833 3077 et
851 3016 1001 3077 lacrimosi
1019 3019 1080 3078 sive
1099 3018 1190 3077 etiam

176 3101 354 3161 vermiculos
377 3101 504 3163 habeant
528 3111 578 3163 aut
602 3103 762 3186 brigantes,
786 3107 839 3185 qui
863 3105 930 3166 cilia
953 3124 1037 3166 arare
1058 3115 1089 3167 et
1106 3105 1188 3167 exul·

177 3206 278 3249 cerare
303 3189 407 3251 solent.
444 3190 478 3250 ln
501 3189 587 3252 ollam
611 3193 718 3254 rudem
741 3196 842 3256 mittes
865 3202 927 3256 tres
947 3197 1093 3255 sextarios
1112 3196 1189 3255 aceti

177 3280 315 3338 acerrimi
343 3288 372 3339 et
400 3280 532 3361 ferrum,
564 3280 594 3341 id
628 3291 673 3343 est
706 3282 803 3344 clavos
833 3292 949 3345 veteres
978 3285 1110 3345 minutos
1141 3281 1189 3343 vel

177 3364 232 3427 alia
261 3366 414 3429 minutalia
443 3370 515 3429 ferri
542 3377 671 3451 vetusta,
699 3379 729 3433 et
756 3372 877 3434 claudes
906 3373 993 3435 ollam
1022 3373 1187 3453 diligenter,
1203 3388 1230 3429 aa

176 3455 349 3534 operculum
380 3460 511 3519 tenuiter
539 3460 701 3538 pertundes
730 3469 760 3522 et
788 3463 819 3521 in
847 3461 896 3522 illo
924 3462 1068 3522 foramine
1095 3478 1188 3541 pones

177 3551 227 3605 aut
251 3562 374 3606 cannam
397 3554 448 3608 aut
471 3547 643 3609 sambucum
666 3550 854 3630 perforatam,
874 3548 952 3611 unde
967 3549 1078 3611 babeat
1095 3551 1188 3629 spira-
