2609 4017
586 158 808 223 ...48-

192 324 301 383 missus
323 324 354 383 in
378 338 484 399 aquam
507 319 631 381 naribus
654 319 802 400 trahatur,
826 337 944 379 omnem
965 337 982 379 a
1000 320 1097 397 eapite
1115 319 1212 397 pitui-

156 425 172 473 6
193 420 253 473 tam
276 410 406 472 detrahit
428 410 512 470 mire.
548 408 634 470 Creta
659 408 781 469 Cimolia
803 427 839 468 ex
863 415 947 468 aceto
970 410 1039 468 trita
1063 414 1094 468 et
1118 425 1211 486 quam

156 501 369 562 tdensissime
393 498 485 558 ironti
507 499 635 576 inposita
659 499 795 575 pituitam
819 498 908 557 sistit.
948 495 1114 558 Mastiohen
1137 513 1210 556 cum

191 591 294 669 pipere
323 588 375 665 qui
398 587 449 647 diu
473 585 776 666 commanducaverit,
804 585 946 647 calefacto
970 584 1094 645 cerehro
1123 602 1209 645 umo-

155 690 253 739 8rem
282 677 406 754 pituitae
433 674 556 735 naribus
582 674 715 735 effundit.
764 673 807 734 hd
836 681 985 735 catarrum
1013 676 1075 733 sive
1105 672 1231 733 death-o

191 766 330 827 lationem
346 766 458 824 umoris
472 782 508 824 ex
524 765 633 842 capite:
652 762 743 823 Turis
759 756 798 850 ,βα
815 781 916 844 uuum,
930 764 1043 843 piperis
1060 755 1210 849 yuuum

192 860 330 914 conteres
353 852 512 932 diiigenter
539 862 569 913 et
594 854 656 912 vini
679 852 785 912 nove11i
809 852 888 931 quod
912 852 1041 912 sufficiat
1063 852 1209 911 admisce·

191 941 238 1003 his
262 949 292 1003 et
315 941 438 1002 naribus
461 940 595 1021 tepidum
618 941 759 1003 infundes
777 940 824 1001 vel
842 940 1053 1021 gargarizahis,
1077 940 1131 1000 sed
1153 940 1210 999 uti·

157 1030 250 1094 eiius
278 1038 325 1091 est
352 1029 474 1090 naribus
502 1029 627 1091 infundi.
673 1028 717 1090 hd
745 1037 836 1108 caput
867 1029 973 1090 ieviter
1003 1029 1210 1108 purgandum:

193 1120 295 1199 Sinapi
323 1120 428 1179 tritum
458 1127 526 1179 ante
555 1118 633 1179 diem
667 1120 696 1178 in
730 1126 814 1179 aceto
846 1118 971 1179 infunde
1002 1118 1038 1177 ad
1070 1116 1210 1178 heminae
1223 1133 1246 1171 ιο

193 1225 364 1269 mensuram
391 1215 421 1267 et
449 1226 486 1268 ex
514 1226 548 1267 eo
577 1208 656 1267 intra
684 1225 717 1266 os
744 1214 814 1268 tene
843 1215 875 1267 et
906 1208 1057 1287 gargariza
1084 1209 1115 1267 in
1148 1205 1210 1265 sole

193 1296 287 1358 calido
315 1298 434 1357 ieiunus
457 1304 488 1356 et
515 1303 618 1375 aperto
647 1313 700 1355 ore
727 1296 917 1375 postmodum
945 1296 1029 1376 sede,
1057 1303 1092 1355 ut
1121 1312 1210 1355 umor

141 1398 173 1447 10
193 1385 340 1446 decurrat.
383 1383 554 1463 Staphidem
578 1386 690 1462 agriam
714 1387 824 1446 sumito
853 1393 884 1446 et
906 1403 960 1464 pro
985 1383 1072 1444 modo
1097 1385 1209 1462 sinapis

193 1492 318 1553 granum
347 1482 377 1533 et
404 1491 490 1534 nram
514 1490 630 1552 passam
654 1475 815 1534 commisce
840 1492 909 1535 cum
932 1473 1017 1534 hetae
1042 1474 1156 1534 semine
1180 1479 1210 1531 et

194 1581 229 1624 cx
253 1581 289 1624 eo
313 1562 400 1623 facito
424 1561 571 1644 postillam
596 1561 715 1642 quibus,
738 1564 764 1621 si
787 1581 863 1641 opus
887 1562 986 1642 fuerit,
1010 1562 1121 1622 adicies
1144 1573 1244 1621 ace-1⁵

193 1660 256 1713 tum
281 1660 310 1712 et
334 1669 385 1712 eos
408 1653 529 1712 ieiunus
551 1653 583 1711 in
607 1651 669 1711 sole
692 1659 743 1712 ant
761 1652 792 1711 in
811 1650 927 1711 balineo
947 1650 1160 1712 commanduca
1180 1659 1210 1708 et

142 1753 173 1802 11
193 1748 328 1820 apertum
352 1758 385 1800 os
409 1747 486 1821 tene,
510 1747 544 1801 nt
566 1758 653 1801 umor
677 1739 795 1800 defluat.
832 1740 875 1800 Ad
900 1750 990 1821 caput
1012 1738 1208 1819 purgandum,

195 1829 273 1908 quod
297 1829 388 1889 fuerit
410 1847 597 1889 umcrosum:
631 1828 790 1907 Staphidos
812 1830 910 1908 agriae
935 1821 1046 1915 plu,
1073 1826 1209 1908 pyrethri

195 1909 284 2003 '9⁴¹1’
303 1916 407 1995 hysopi
422 1908 462 2002 19«
476 1915 543 1997 11113
561 1918 674 1995 pariter
692 1916 765 1977 haec
784 1935 839 1995 pro
858 1917 946 1977 modo
965 1917 1087 1978 adsidue
1106 1918 1138 1976 in
1158 1934 1209 1977 ore

193 2006 283 2065 missa
307 2006 490 2065 comminues
519 2012 549 2064 et
576 2004 746 2065 mastioahis
765 2007 920 2067 incurvato
940 2009 1045 2087 capite,
1069 2011 1103 2065 ut
1122 2018 1243 2065 umora

195 2111 230 2153 er
254 2094 458 2154 masticatione
479 2092 601 2154 defluat.
636 2092 721 2163 Quod
745 2096 834 2156 facito
858 2094 968 2156 autad
992 2094 1085 2156 solem
1108 2102 1161 2155 aut
1179 2096 1209 2153 in

143 2198 176 2247 11
194 2182 260 2242 loco
283 2181 394 2260 tepido.
429 2181 473 2242 hd
497 2184 635 2260 pituitam
659 2201 694 2243 ex
718 2202 770 2243 ore
794 2184 986 2245 evocandam:
1019 2184 1104 2244 Aeris
1128 2182 1209 2243 floris

196 2270 345 2349 scripulus
368 2288 446 2331 unus
470 2278 500 2331 et
523 2270 560 2331 de
584 2290 657 2332 suco
680 2272 808 2332 hederae
832 2272 911 2333 idem
931 2273 1047 2351 pondus
1065 2273 1097 2331 in
1116 2289 1209 2332 unum

195 2361 321 2419 mixtum
349 2365 379 2419 et
406 2358 528 2419 naribus
556 2359 689 2421 infusum
717 2368 842 2422 evocant
864 2363 1002 2441 pituitam
1025 2369 1056 2421 et
1078 2359 1209 2421 defluere

145 2465 177 2514 13
196 2446 376 2527 conpellunt.
419 2447 512 2508 Radix
539 2449 675 2527 pyrethri
702 2452 734 2509 iu
765 2450 827 2511 sole
856 2450 1098 2511 commanducata
1122 2451 1208 2529 pitui·
1221 2461 1244 2501 ²⁵

144 2554 178 2602 14
196 2545 256 2598 tam
289 2545 319 2598 et
346 2554 481 2598 umorem
508 2538 614 2616 capitis
641 2540 789 2617 patefacto
825 2556 876 2598 ore
913 2539 1069 2617 depromit.
1120 2536 1208 2598 Betae

196 2626 346 2687 radicibus
371 2628 468 2687 tunsis
491 2634 573 2687 recte
595 2645 686 2687 sucus
705 2629 769 2687 eius
789 2626 911 2688 naribus
931 2627 1052 2689 ducitur
1071 2627 1107 2687 ad
1127 2645 1207 2687 umo-

145 2731 177 2781 15
196 2734 260 2776 rem
288 2717 393 2794 eapitis
422 2714 644 2776 extrahendum.
689 2714 784 2775 Meliis
812 2724 843 2775 et
874 2717 985 2795 sinapis
1011 2718 1077 2776 triti
1104 2733 1208 2794 aequa·
1281 2699 1282 2746 ³

196 2804 264 2865 liter
295 2806 402 2863 mixtae
434 2810 534 2881 partes
567 2804 712 2881 tepefiunt
745 2812 775 2864 et
807 2823 893 2865 umor
921 2804 1033 2865 multus
1069 2822 1086 2865 e
1114 2806 1208 2883 capite

145 2910 178 2959 16
198 2900 265 2972 post
287 2890 404 2967 longam
427 2891 690 2967 gargarizationem
713 2890 879 2955 deducitur.
925 2893 968 2954 hd
993 2903 1142 2954 catarrum
1164 2911 1207 2953 re·
1220 2906 1243 2945 ³0

198 2978 403 3059 stringendum
427 2980 527 3038 mittes
551 2980 582 3037 in
606 2976 693 3039 ollam
715 2980 821 3041 rudem
844 3000 900 3061 pro
919 2982 1005 3042 modo
1025 2982 1099 3042 ollae
1118 2980 1208 3041 hemi·

196 3086 265 3129 nam
288 3084 374 3127 rosae
397 3068 493 3127 siccae
518 3073 548 3127 et
570 3074 633 3127 tres
656 3067 791 3129 heminas
814 3089 907 3149 aquae
929 3070 1042 3131 mulsae
1067 3078 1097 3131 et
1118 3070 1207 3131 hemi-

198 3176 265 3217 nam
290 3172 385 3235 sapae,
409 3154 510 3215 inhibe
533 3173 641 3216 uueem
664 3158 795 3240 pineam3
816 3158 889 3219 haec
912 3178 1024 3238 coques
1046 3158 1083 3219 ad
1106 3160 1207 3219 tertias
1281 3171 1282 3216 ;

147 3256 228 3316 1ret
251 3243 385 3325 tepidum
409 3243 614 3323 gargarizabis.
654 3244 786 3307 Rumicis
809 3249 946 3308 acumina
964 3255 1067 3308 tenera
1090 3246 1208 3325 colliges
1281 3241 1282 3246 ’

199 3337 259 3396 sive
283 3332 352 3395 ruhi
376 3339 406 3393 et
428 3331 560 3414 herbam,
585 3352 673 3412 quam
695 3334 746 3395 aiii
768 3335 990 3398 hurduuculum
1013 3344 1133 3417 vocant,
1161 3336 1242 3397 aliiae

270 3528 305 3577 34
322 3520 513 3593 gargarizatus
532 3520 700 3592 Stephanus:
718 3510 880 3593 gargarizes
900 3523 1060 3579 Gemanica.
