2609 4017
506 180 748 244 —139-

110 341 203 422 serit,
228 343 330 402 statim
353 341 575 403 remediabitur.
617 341 739 422 Baucis,
763 345 788 403 si
810 344 842 403 in
865 342 981 404 balineo
1005 343 1183 424 clementor

110 437 141 489 et
170 436 277 491 aerem
305 430 432 492 calidum
459 433 538 492 intra
565 431 667 492 fauces
693 433 851 512 recipiant,
881 434 952 492 satis
980 432 1052 494 utile
1077 440 1131 493 est.

110 517 223 578 Oleum
255 537 372 598 quoque
400 520 494 580 viride
522 523 552 580 in
577 538 629 581 ore
654 520 789 599 tepidum
812 528 933 582 teneant
956 528 986 582 et
1008 520 1131 582 adsidue

109 610 314 689 gargarizent,
333 611 422 669 etiam
440 611 472 669 in
490 608 604 689 balneo,
623 608 786 688 plurimum
804 610 934 688 prodest.
965 610 1009 670 Ad
1028 628 1131 671 vocem
1151 623 1184 673 61

82 695 338 758 sclarilicandam
364 697 496 759 radicem
523 697 654 778 edulem,
683 716 758 777 quae
782 700 898 759 incocta
927 699 1131 780 manducatur,

108 803 181 845 cum
205 785 308 847 mulso
331 805 436 865 coquo.
450 794 480 847 ot
503 786 644 865 deinceps
668 789 766 865 ipsum
789 786 919 848 mulsum
942 786 1010 848 bibe
1035 795 1065 849 et
1086 807 1130 849 ra·

108 873 211 934 dicem
239 876 335 955 ipsam
353 875 507 936 manduca.
540 875 584 935 nd
603 893 690 936 uram
709 874 907 936 destillantem
926 876 1037 956 platani
1055 877 1130 956 pilu·
1150 891 1183 940 63

107 961 178 1042 lam,
204 983 298 1043 quam
321 963 503 1042 singularem
526 966 688 1044 inveneris,
714 963 775 1024 lino
803 966 955 1026 traiectam
982 967 1131 1045 suspende

107 1051 188 1111 collo
213 1052 388 1114 laborantis.
424 1052 517 1113 Uvam
540 1052 735 1114 caniculatam
757 1059 788 1113 ct
811 1052 939 1114 cocleam
961 1071 1131 1132 germanam
1150 1067 1184 1116 61

70 1157 95 1196 11
109 1140 261 1202 combure
290 1148 320 1202 et
347 1151 468 1203 contere
496 1149 585 1220 atque
615 1160 652 1202 611
681 1160 716 1202 eo
748 1141 869 1220 pulvere
900 1145 992 1203 1611116
1024 1143 1131 1222 6611166

108 1247 234 1291 66611116
255 1230 301 1291 161
319 1238 401 1291 66116
419 1231 566 1292 666166116
587 1249 672 1291 uvam
691 1233 791 1291 ieiuno
811 1238 902 1309 tange
916 1249 970 1310 per
989 1232 1130 1293 triduum.

108 1315 235 1380 Herbae
257 1318 423 1399 cymbalitis
451 1319 581 1380 radicem
608 1329 677 1379 ante
701 1318 772 1380 solis
800 1327 898 1380 ortum
926 1320 1032 1399 collige
1061 1323 1184 1381 616166

109 1416 193 1468 61166
222 1426 327 1470 1116666
350 1407 451 1487 digitis
474 1407 583 1488 pollice,
608 1417 638 1468 et
667 1408 836 1469 medicinali
858 1411 889 1469 in
913 1412 1032 1470 nomine
1057 1411 1130 1488 eius,

109 1497 164 1572 qui
187 1515 279 1557 uvam
303 1496 423 1576 dolebit,
447 1497 569 1558 6111616
592 1496 768 1575 conligatam
792 1496 867 1557 collo
888 1499 953 1558 eius
973 1498 1130 1578 suspende.

70 1600 96 1641 15
110 1583 218 1646 Pioem
238 1585 354 1646 mollem
374 1585 499 1646 cerebro
518 1588 583 1647 cius
596 1587 716 1667 inpone,
739 1588 790 1664 qui
807 1603 893 1646 uvam
908 1585 1028 1666 dolebit,
1047 1605 1130 1665 prac-
1150 1597 1183 1647 66

109 1675 194 1754 cipe,
223 1682 257 1735 ut
280 1693 371 1754 super
394 1674 484 1734 limen
513 1682 595 1735 stans
623 1676 773 1753 superiori
798 1673 893 1734 limini
915 1676 1009 1754 ipsam
1033 1677 1130 1753 picem

111 1765 214 1840 capite
237 1781 292 1824 suo
315 1764 432 1843 adfigat.
464 1762 508 1823 Ad
532 1762 665 1823 dolorem
689 1781 762 1823 6166
786 1762 900 1823 scribes
923 1765 954 1823 in
978 1763 1080 1823 charta
1099 1771 1181 1824 6161

111 1851 190 1912 66116
211 1851 509 1914 161616611611616616
524 1851 704 1931 suspendes:
728 1849 864 1912 Formica
882 1853 1056 1932 sanguinem
1071 1870 1130 1912 uon

111 1939 206 2002 babet
229 1959 285 2002 1166
308 1941 355 2022 161,
378 1941 448 2020 luge
471 1959 536 2022 uva,
559 1959 597 2001 66
620 1959 729 2001 666661
747 1948 776 2000 16
801 1940 943 2002 comedat.
977 1942 1130 2023 Araneam,
1150 1953 1184 2000 68

75 2044 100 2084 16
113 2047 192 2107 quae
217 2049 337 2090 sursum
360 2049 465 2090 vorsus
490 2029 571 2090 subit
589 2037 619 2089 61
637 2032 720 2112 texit,
743 2030 872 2109 prendas
891 2037 921 2090 et
939 2048 1047 2104 nomen
1067 2033 1131 2092 eius

114 2118 209 2200 dices,
231 2120 281 2179 cui
304 2119 483 2180 medendum
506 2120 572 2199 crit,
596 2125 626 2179 et
648 2118 772 2180 adicies:
797 2117 846 2178 Sic
867 2121 926 2180 cito
950 2119 1055 2180 subeat
1074 2138 1130 2180 uva

115 2210 199 2290 eius,
227 2226 316 2286 quem
343 2210 479 2287 nomino,
508 2207 654 2286 quomodo
683 2226 788 2268 aranea
812 2207 885 2268 haec
909 2210 1131 2286 sursum'repit

115 2305 145 2356 61
173 2299 266 2377 terit;
298 2305 361 2357 tum
388 2299 484 2375 ipsam
511 2314 648 2356 araneam
677 2299 707 2356 iu
736 2296 869 2356 chartam
897 2299 1041 2375 virginem
1069 2297 1130 2357 lino

116 2382 223 2464 ligabis
252 2393 282 2446 et
309 2385 384 2446 collo
412 2384 574 2445 laborantis
603 2383 768 2464 suspendes
796 2383 844 2445 dic
868 2384 957 2466 lovis3
984 2385 1035 2446 sed
1060 2384 1131 2446 dum

78 2474 250 2552 1661661166
276 2491 413 2534 araneam
439 2473 487 2534 vel
508 2473 723 2553 phylacterium
747 2473 861 2576 alligas,
890 2481 937 2532 ter
964 2475 1130 2533 interram

117 2580 217 2640 spues.
248 2562 430 2623 Modicameu
449 2565 613 2622 causticum
633 2562 669 2622 ad
689 2579 776 2621 uvam
790 2564 854 2621 sine
870 2561 949 2621 serro
964 2561 1131 2642 tollendam,
1150 2572 1183 2622 69

116 2650 153 2711 de
179 2649 988 2753 1616611661661611616616616116616166166-,1
1012 2651 1130 2728 saponis

117 2740 178 2801 albi
196 2739 303 2819 pilulas
320 2738 370 2819 lll,
388 2739 541 2821 sinopidis,
559 2739 617 2804 hoe
635 2744 682 2798 est
703 2727 796 2818 minii,
819 2738 977 2818 modicum,
1000 2738 1130 2818 lixivum,

117 2829 197 2889 uude
221 2836 384 2908 operantur
403 2827 588 2906 coactiliarii,
612 2827 836 2907 aliquantum;
828 2843 859 2887 1n
879 2845 972 2888 unum
991 2827 1131 2889 miscebis

81 2917 192 2978 'abaco
216 2925 247 2978 et
269 2916 430 2996 coagitabis
453 2916 503 2977 diu
528 2924 558 2977 et
576 2917 742 2995 repositum
760 2915 892 2998 11616116,
916 2923 950 2978 61
968 2935 1037 2978 cum
1056 2936 1131 3036 opus

118 3007 210 3067 luerit
233 3007 336 3067 utaris

207 3094 376 3173 Descriptio
403 3093 546 3154 trochisci
573 3093 709 3173 plurimis
737 3096 809 3155 satis
837 3093 932 3175 utilis,
964 3095 993 3155 id
1025 3095 1182 3156 66161116

119 3191 250 3246 vetustas
277 3191 376 3244 tusses
404 3191 434 3244 ct
462 3193 608 3264 reumata,
636 3201 711 3261 quae
739 3185 770 3243 iu
798 3185 914 3244 arteriis
938 3193 1131 3264 consurgunt,

191 3335 743 3405 2661611161(61’6).16161111666116111
803 3335 966 3397 8116166111.
1021 3335 1131 3390 96661-

119 3405 1131 3475 61616111.1066161616.1611161616611661111111111.181111-

120 3477 619 3546 mica.19habil.2bcolliges
670 3484 704 3532 27
724 3470 953 3546 66666116111616).
1004 3481 1131 3532 166666-

120 3549 200 3620 pidis.
273 3557 307 3605 31
326 3549 454 3618 plurimis
472 3549 554 3603 rebus
575 3548 735 3604 0666611116.
