2609 4017
491 173 730 237 -371-

192 331 310 394 Fimum
334 335 530 417 ciconiarum,
555 335 606 395 sed
631 334 669 395 de
692 336 762 396 nido
785 338 865 418 ipso,
888 336 958 397 dum
982 339 1114 398 ciconiae
1134 350 1169 398 22

103 421 201 501 pullos
220 420 338 503 habent,
358 441 458 484 sumes
473 433 584 484 etcum
600 427 726 504 axungia
740 427 940 486 vetustissima
955 429 1115 506 permisce-

102 510 150 570 bis
178 519 210 571 et
236 518 374 572 conteres
402 520 490 590 atque
519 511 672 590 emplastri
700 513 787 574 modo
820 514 946 593 pedibus
976 515 1116 596 adpones,

104 599 265 660 efficaciter
287 600 448 678 podagram
471 600 597 664 sanabis.

77 707 90 749 e
193 688 237 748 Ad
265 689 424 767 podagram
453 697 483 750 et
510 689 545 749 ad
574 708 678 752 omnes
705 691 815 770 pedum
840 691 886 753 rel
914 709 1055 752 manuum
1087 699 1118 752 et
1137 704 1170 752 aa

103 776 230 838 aliorum
265 777 467 838 membrorum
499 777 616 839 dolores
649 797 685 838 ex
718 779 911 858 perfrictione
943 779 1116 841 relevandos

103 865 180 926 bene
209 865 362 926 fecithoc
390 867 555 928 remedium
583 869 640 928 sic:
668 867 866 946 Faenograeei
889 866 920 927 s
940 868 966 948 1,
991 868 1045 928 lini
1073 887 1118 929 se-

103 955 193 1014 minis
207 951 239 1014 θ
254 953 275 1033 1,
294 954 381 1015 ibisci
400 964 540 1017 contusas
559 956 675 1017 radices
694 958 840 1037 quinque3
860 957 933 1017 haec
952 964 1020 1017 ante
1040 957 1118 1018 diem

103 1043 245 1104 infundes
262 1045 294 1102 in
309 1061 401 1122 aquae
416 1041 447 1104 8
463 1042 548 1125 Vllll,
563 1044 671 1105 deinde
685 1053 753 1125 post
767 1046 844 1106 diem
859 1045 1008 1124 decoques
1023 1063 1119 1125 usque

61 1151 90 1192 ro
104 1132 141 1192 ad
166 1135 278 1210 tertias,
301 1140 403 1210 postea
427 1132 538 1194 colabis
562 1140 592 1193 et
616 1151 721 1194 sucum
745 1152 864 1195 omnem
887 1132 1010 1212 colliges
1028 1140 1117 1213 atque

103 1221 217 1282 adicies
241 1223 269 1280 ei
292 1220 351 1281 olei
368 1220 400 1282 P.
420 1220 498 1281 Vllll
522 1229 552 1283 et
571 1224 636 1283 suci
654 1222 771 1304 laurini,
794 1222 824 1283 id
844 1231 890 1284 est
909 1223 945 1282 de
970 1222 1050 1282 foliis
1071 1222 1118 1282 vel
1234 1240 1236 1244 ·

104 1311 142 1370 de
166 1309 249 1370 bacis
273 1312 384 1371 teneris
407 1308 485 1370 lauri
507 1313 640 1390 expressi
664 1308 740 1392 813
768 1311 876 1372 deinde
901 1313 1009 1372 iterato
1032 1311 1118 1372 deco-

104 1416 181 1478 qnes
203 1399 329 1479 pariter,
356 1417 512 1478 quousque
541 1402 637 1460 omnis
666 1418 756 1461 sucus
782 1403 1026 1479 suprascriptus
1050 1418 1118 1461 con·

105 1494 242 1549 sumatur
266 1496 295 1547 et
318 1485 376 1548 olei
399 1488 603 1548 tantummodo
627 1507 741 1549 summa
765 1489 890 1569 residat3
914 1489 993 1568 quod
1012 1490 1118 1548 iterato

63 1592 91 1633 15
105 1575 223 1637 colatur
251 1584 281 1636 et
308 1575 459 1637 adduntur
485 1579 516 1636 in
543 1595 577 1636 eo
601 1577 676 1657 oleo,
700 1577 779 1657 quod
802 1578 997 1656 superfuerit,
1019 1576 1119 1637 laricis

103 1697 150 1707 -
173 1662 260 1744 Vllll‚
283 1663 500 1726 terebinthinae
524 1667 629 1726 unciae
653 1665 721 1745 llll,
745 1665 868 1726 balsami
894 1697 933 1709 -
959 1664 999 1744 ll,
1023 1666 1063 1725 ita
1086 1673 1121 1724 ut

104 1755 190 1833 prius
219 1752 292 1813 haec
319 1755 349 1812 in
378 1771 447 1813 vaso
476 1753 587 1837 duplici
616 1755 651 1814 ad
680 1756 779 1833 ignem
807 1753 1005 1815 lentissimum
1029 1751 1120 1813 resol-

105 1849 213 1901 vantur
242 1849 271 1902 et
299 1843 342 1902 sic
366 1844 602 1920 permisceantur
625 1850 656 1903 et
679 1842 844 1903 diutissime
868 1843 1056 1920 coagitentur
1079 1849 1120 1901 at-

106 1949 166 2010 que
194 1931 224 1989 in
252 1948 326 1990 usus
354 1949 444 2009 supra
472 1933 600 2010 scriptos
629 1932 815 1992 necessarios
838 1931 874 1991 ad
898 1930 1120 2009 perfricandum

63 2037 91 2076 ao
107 2026 308 2079 reserrentur.

196 2107 239 2167 la
258 2109 370 2186 primos
389 2107 536 2186 podagrae
554 2109 685 2185 impetus
703 2107 892 2169 molliendos:
911 2108 1039 2168 dtiariae
1053 2107 1120 2168 her·
1139 2117 1175 2168 24

105 2195 162 2256 bae
190 2204 290 2274 partes
318 2196 391 2256 duas
422 2197 588 2257 contundes
616 2204 646 2257 ct
674 2195 775 2276 butyri
802 2215 892 2257 unam
916 2204 1032 2276 partem
1055 2214 1121 2276 per-

106 2282 247 2344 miscebis
274 2293 305 2345 et
333 2294 471 2346 conteres
500 2292 588 2364 atque
616 2287 658 2346 ita
686 2304 741 2366 pro
768 2294 920 2364 unguento
944 2285 990 2346 vel
1013 2283 1120 2364 empla-

108 2380 172 2434 stro
196 2375 298 2433 uteris,

63 2478 91 2520 ae
197 2460 274 2526 Uimi
297 2469 399 2522 cortex
423 2468 567 2522 contusus
590 2462 758 2522 diutissime
777 2468 807 2521 et
826 2478 894 2520 cum
913 2477 989 2539 aqua
1007 2462 1122 2520 marina
1140 2471 1174 2520 25

107 2568 204 2630 usque
232 2550 305 2610 adeo
333 2549 489 2630 subactus,
516 2558 550 2610 ut
578 2549 746 2628 malagmati
773 2548 878 2609 similis
902 2550 954 2629 sit,
983 2567 1038 2627 pro
1061 2567 1122 2609 em·

106 2638 219 2718 plastro
243 2639 397 2718 adpositus
421 2638 504 2699 sedat
527 2638 674 2717 podagrae
697 2637 823 2698 dolores.

198 2726 268 2787 Vivo
307 2726 403 2806 lepori
438 2745 491 2806 pes
523 2733 693 2806 amputatus
734 2734 764 2786 et
800 2725 935 2805 alligatus
968 2725 1004 2785 ad
1032 2725 1120 2803 poda·
1140 2737 1174 2786 26

108 2834 190 2894 gram
219 2815 265 2876 rel
292 2818 356 2876 eius
384 2815 469 2895 pedis
496 2814 644 2894 partibus,
673 2833 748 2894 quae
774 2814 931 2892 dolebunt,
959 2812 1121 2892 plurimum

66 2921 95 2962 eo
130 2905 239 2964 rodest.

109 2924 128 2984 p
197 2992 288 3054 Vituli
310 2993 418 3053 marini
437 2999 489 3053 aut
508 2991 586 3070 quod
606 2990 713 3051 melius
737 3000 783 3052 est
801 2991 931 3070 hyaenae
950 2990 1027 3069 pelle
1045 2990 1121 3050 facta
1140 3003 1174 3052 27

109 3080 298 3142 calciamenta
326 3083 442 3159 siquis
468 3083 500 3142 in
528 3080 675 3141 cotidiano
699 3098 757 3140 usu
780 3079 931 3160 habuerit,
960 3079 1121 3139 efficaciter

109 3170 255 3248 podagrae
279 3168 383 3229 morbo
406 3168 527 3230 carebit.

197 3258 287 3319 Pueri
319 3256 439 3336 inpubis
473 3257 591 3318 detonsi
624 3275 716 3335 super
743 3256 835 3336 pedes
863 3255 991 3316 dolentis
1023 3254 1122 3334 capilli
1141 3267 1175 3316 28

69 3361 95 3403 ea
110 3355 199 3426 atque
222 3346 282 3407 illic
306 3346 486 3424 aliquamdiu
510 3347 667 3425 compositi
690 3352 884 3424 compescunt
907 3344 1047 3405 dolorem.

197 3434 357 3496 Probatum
381 3436 546 3496 remedium
565 3441 619 3514 est,
642 3432 709 3494 felle
729 3435 850 3512 caprino
870 3451 930 3492 non
948 3451 1046 3514 manu,
1068 3432 1120 3492 sed
1139 3443 1173 3494 29

108 3527 198 3604 pinna
223 3523 313 3602 pedes
336 3533 498 3602 perunctos
522 3523 678 3584 confestim
702 3520 804 3583 dolore
828 3520 961 3582 relevari.

906 3622 961 3676 24*
