2609 4017
481 181 632 260 -434
681 231 720 242 -

94 360 259 439 ciamento,
287 377 346 438 quo
375 360 419 419 uti
447 359 538 441 soles,
567 359 667 420 locum
694 360 849 437 inguinum
877 358 1060 420 laborantem
1084 360 1109 418 si

94 448 302 527 perfrictaeris,
326 447 482 509 confestim
505 450 710 526 intertrigines
731 446 825 508 tolles:
862 447 1025 526 Axungiam
1044 465 1109 526 per·
1128 460 1163 508 36

95 544 230 597 veterem
262 535 450 616 liquefactam
479 547 509 598 et
537 555 689 598 cerussam
716 536 793 598 bene
826 538 926 597 tritam
954 537 1111 615 permisce,

96 625 194 686 donec
219 627 303 704 accpi
326 625 554 687 crassitudinem
577 624 692 706 babeat,
711 633 799 704 atque
820 625 889 686 inde
907 626 1112 703 intertrigines

67 715 238 794 aperirica,
262 713 423 776 efficaciam
446 715 572 776 remedii
595 713 837 794 celeritatemque
859 713 1020 794 mirabere,
1042 731 1112 772 nam

96 804 156 864 boc
185 802 368 864 medicamen
397 805 484 864 etiam
507 803 651 881 rhagadas
675 804 836 864 efficaciter
860 811 951 865 sanat.
992 801 1111 863 Cretam
1130 813 1164 862 34

97 893 297 970 argentariam
327 910 394 953 cum
419 893 488 952 vino
512 901 611 953 vetere
634 895 736 953 tritam
759 894 894 970 impones
917 893 997 952 tritis
1020 893 1112 952 inter·

97 978 274 1060 triginibuS,
302 982 414 1059 optime
439 983 603 1059 accipieris.
646 980 719 1041 Oleo
742 988 842 1041 vetere
866 988 896 1040 et
919 999 994 1059 aqua
1018 979 1111 1040 calida
1131 990 1165 1038 38

97 1071 245 1148 permixta
268 1068 391 1130 adsidue
413 1071 535 1148 inguina
558 1069 636 1145 fove,
665 1072 807 1130 continuo
836 1067 994 1130 subvenies
1021 1071 1112 1129 inter·

53 1176 83 1216 ao
99 1156 262 1236 triginibus
281 1159 399 1218 attritis.
442 1157 474 1218 Si
498 1157 678 1219 exulceratio
701 1159 923 1237 intertriginum
948 1159 1018 1237 erit,
1043 1175 1112 1235 spu·
1131 1167 1165 1216 39

98 1264 178 1310 mam
207 1248 322 1324 argenti
345 1265 382 1306 ex
405 1249 472 1307 vino
496 1254 634 1307 conteres
659 1250 745 1326 eique
769 1246 920 1326 pulverem
944 1248 1025 1326 pinei
1048 1264 1113 1307 cor·

98 1337 168 1396 ticis
192 1336 274 1396 tunsi
296 1333 436 1395 miscebis
460 1343 489 1396 et
512 1335 610 1396 locum
633 1335 750 1396 inlines.
1016 1354 1018 1360 ’

134 1489 139 1494 ,
189 1423 233 1482 Ad
266 1425 387 1502 inguina
419 1431 449 1484 et
480 1431 663 1502 apostemata
690 1425 854 1486 remedium
883 1427 940 1486 sic:
977 1423 1113 1504 Equinus
1132 1434 1167 1483 4ο

99 1514 221 1590 sanguis
249 1515 374 1572 maxime
403 1513 569 1573 admissarii
591 1515 663 1592 equi
685 1513 859 1593 frequenter
882 1513 986 1574 inlitus
1009 1513 1112 1573 buius-

55 1616 84 1658 15
99 1599 181 1660 modi
200 1599 350 1661 molestias
370 1611 466 1681 sanat3
485 1600 612 1681 ungulae
633 1619 751 1681 quoque
770 1603 836 1662 eins
851 1601 1022 1662 combustae
1038 1603 1113 1661 cinis

99 1707 169 1750 cum
193 1688 259 1749 oleo
278 1689 430 1768 adpositus
449 1689 527 1750 idem
546 1698 687 1769 praestat.
724 1689 847 1751 Cocleae
866 1692 948 1750 virae
968 1691 1113 1750 contritae
1132 1699 1166 1748 41

99 1796 169 1838 cum
196 1795 295 1856 myrra
324 1786 354 1839 et
380 1780 536 1856 impositae
563 1779 738 1856 inguinibus
766 1779 880 1838 efficaci
907 1777 1016 1838 auxilio
1045 1777 1114 1838 sub·

99 1869 237 1945 veniunt3
262 1866 313 1926 sed
337 1865 549 1946 relinquendae
568 1874 638 1927 sunt
657 1867 731 1946 loco,
755 1869 804 1927 cui
822 1866 973 1947 adpositae
992 1866 1114 1945 luerint,

99 1963 160 2016 tam
184 1955 248 2034 diu,
272 1954 365 2015 donec
390 1963 494 2034 sponte
519 1954 670 2035 decidant,
694 1954 773 2035 quod
796 1956 861 2036 liet,
884 1973 953 2015 eum
975 1973 1114 2034 persana-

57 2045 206 2104 noverint.
243 2043 352 2104 Arietis
376 2061 465 2122 quam
487 2045 677 2122 pinguissimi
699 2044 765 2105 lana
787 2043 874 2122 plena
894 2046 955 2105 suis
975 2042 1113 2104 sordibus
1132 2054 1167 2102 42

100 2130 255 2192 combusta
289 2140 319 2192 et
346 2134 377 2191 in
405 2132 557 2210 pulverem
585 2133 705 2194 redacta
732 2133 855 2212 prodest
882 2132 1059 2213 plurimum,
1089 2135 1115 2192 si

99 2240 134 2281 eo
159 2223 260 2280 cinere
284 2238 320 2280 ex
343 2239 419 2299 aqua
442 2220 540 2281 locum
563 2222 718 2299 inguinum
742 2222 959 2301 periricaveris
1066 2262 1073 2270 -

188 2308 334 2369 Bestiolae
361 2308 547 2389 multipedeS,
572 2328 647 2388 quae
666 2313 698 2370 in
716 2310 789 2370 locis
807 2310 916 2370 umidis
936 2317 967 2370 et
986 2308 1114 2369 sordidis
1133 2318 1167 2368 43

99 2405 265 2459 nascuntur
293 2415 428 2476 quaeque
452 2405 606 2458 contactae
629 2398 750 2477 pilulam
773 2399 810 2458 de
834 2416 866 2458 se
889 2398 1015 2477 faciunt,
1045 2416 1113 2458 con-

57 2500 85 2542 sa
99 2489 187 2547 tritae
216 2486 329 2547 adiecta
356 2487 444 2547 tertia
470 2495 554 2564 parte
578 2489 694 2546 resinae
718 2485 935 2546 terebinthinae
959 2484 1113 2563 emplastri

98 2575 186 2635 modo
216 2575 366 2653 adpositae
390 2573 580 2635 collectiones
603 2575 789 2653 incipientes,
816 2592 889 2652 quas
913 2573 1019 2634 Graeci
1043 2591 1110 2651 apo-

99 2655 224 2724 stemata
252 2670 369 2743 vocant,
398 2663 470 2722 adeo
499 2674 616 2742 sanant,
644 2670 678 2723 ut
706 2664 893 2724 tenacissime
918 2661 1112 2741 emplastrum

98 2752 232 2833 haereat,
263 2751 357 2811 donec
385 2759 553 2829 persanent.
599 2751 684 2812 Lotio
714 2751 800 2812 suillo
828 2750 926 2811 locum
955 2753 1110 2829 inguinum
1132 2760 1166 2810 44

99 2840 249 2901 dolentem
279 2839 401 2900 adsidue
429 2857 584 2918 perungue
613 2849 665 2900 aut
692 2859 761 2900 cum
791 2859 826 2900 eo
855 2839 951 2900 lanam
980 2838 1112 2899 sucidam

58 2944 84 2984 ao
100 2929 229 3008 adpone,
258 2930 357 2988 statim
384 2927 551 2989 medebere.
593 2928 754 2990 Muliebres
782 2927 880 3008 capilli
908 2928 1057 2989 combusti
1083 2937 1165 2990 4145

99 3019 221 3079 contriti
248 3025 337 3095 atque
365 3015 443 3076 inliti
470 3035 538 3077 cum
566 3019 634 3079 vinc
663 3025 714 3078 aut
742 3036 809 3078 cum
834 3025 917 3078 aceto
940 3017 1113 3096 inguinibus

99 3105 266 3166 medentur.
303 3103 465 3165 Menstruis
489 3104 685 3166 muliebribus
708 3108 828 3185 inguina
853 3106 981 3166 dolentia
1001 3106 1046 3166 rel
1066 3113 1112 3166 tu·
1131 3116 1166 3166 46

98 3196 209 3254 mentia
238 3195 264 3254 si
292 3195 517 3273 contingantur,
547 3197 646 3255 statim
678 3197 775 3255 sanari
803 3194 975 3255 creduntur.
1021 3193 1111 3254 Talus
1130 3204 1164 3253 4⁷

99 3281 229 3344 bubulus
252 3281 426 3342 combustus
449 3284 598 3361 tritusque
622 3283 737 3343 adiecto
757 3283 842 3344 melle
861 3283 964 3342 inlitus
983 3283 1111 3360 inguini-

59 3385 86 3426 aa
99 3371 157 3432 bus
181 3368 349 3431 dolentibus
373 3370 419 3430 vel
439 3370 622 3431 tumentibus
641 3372 771 3450 prodest.
808 3369 932 3448 Inguina
952 3370 1063 3430 tumida
1082 3379 1112 3432 et
1130 3383 1165 3432 48

100 3459 230 3520 dolentia
254 3457 384 3538 sanabis,
408 3461 434 3518 si
456 3461 521 3537 ipso
545 3471 662 3521 veretro
686 3458 842 3537 denudato,
866 3458 896 3518 id
920 3466 966 3518 est
989 3459 1112 3520 reducta

99 3547 247 3631 pellicula,
271 3547 393 3608 adsidue
417 3565 451 3607 ea
475 3550 635 3627 contigeris
661 3548 706 3609 vel
729 3547 946 3626 perfricareris.

897 3647 953 3701 22*

1178 3782 1270 3922 ΙΙ
1293 3834 1295 3865 ι
