2609 4017
600 213 643 223 -—
689 177 844 243 354-

215 361 291 423 pana
314 361 350 404 ex
372 361 461 422 passo
480 327 597 404 Cretico
620 341 744 402 decocta
767 359 896 420 eumque
919 343 966 402 ori
984 341 1060 402 duro
1078 341 1174 403 vitello
1190 353 1218 403 et

216 450 284 493 cum
307 449 381 493 uvae
403 449 508 511 passae
531 430 645 492 nucleis
668 432 749 491 tritis
772 431 863 490 mixta
886 430 1032 511 medetur,
1054 432 1096 491 ita
1114 439 1148 492 ut
1163 449 1217 492 ma·

214 519 349 600 lagmatis
372 520 458 581 modo
482 522 610 598 inposita
632 517 841 597 superligetur.

162 622 197 671 69
305 608 438 688 Acopum
460 608 544 669 valde
573 607 644 669 utile
673 617 704 668 et
728 618 844 668 certum
867 606 1008 667 remediis
1031 607 1217 668 articulorum

215 705 304 776 atque
325 715 485 758 nervorum
505 699 561 758 sio:
584 695 729 757 Medullae
747 698 894 776 cervinae,
916 696 1012 774 adipis
1029 699 1149 777 veteris,
1169 696 1238 757 bus

214 789 281 865 tyri,
304 787 367 845 sevi
385 787 505 858 cervini,
524 787 641 846 resinae
659 785 775 865 frictae,
792 786 867 863 picis
886 784 1012 866 cedriae,
1034 787 1111 864 picis
1124 785 1216 864 lagun-

214 874 336 953 cularis,
369 891 469 956 cerae,
497 873 682 954 singulorum
708 875 812 934 uncias
839 881 940 934 ternas
972 874 1004 933 in
1036 892 1124 935 aereo
1155 891 1216 934 vaso

214 964 351 1023 remittes
374 962 454 1023 lento
477 964 539 1041 igni
562 962 673 1041 diuque
697 959 830 1040 agitabis,
853 969 888 1022 ut
910 968 1024 1022 coeant.
1062 961 1139 1024 Tum
1158 980 1217 1042 per·

213 1049 308 1111 colato
331 1051 535 1132 medicamine,
559 1061 664 1112 utres
686 1052 792 1129 poscit,
815 1052 919 1111 uteris.

160 1151 194 1202 70
304 1139 432 1220 Spumae
455 1141 629 1218 argenti-
650 1139 678 1200 ll
701 1139 811 1200 tundes
834 1148 865 1199 et
886 1137 987 1218 butyri
1009 1148 1041 1198 et
1062 1139 1159 1218 adipis
1176 1157 1249 1199 neo

213 1230 286 1290 teris
315 1237 345 1288 et
373 1246 457 1288 rosae
486 1228 649 1307 Campanae
679 1229 781 1289 uncias
808 1236 908 1289 ternas
936 1229 1072 1288 remittes
1101 1236 1132 1288 et
1158 1246 1218 1307 per·

212 1315 354 1377 miscebis
372 1326 403 1377 et
421 1325 523 1395 postea
542 1318 573 1377 in
592 1318 734 1377 mortario
754 1314 842 1376 simul
861 1323 999 1377 conteres
1016 1326 1048 1376 et
1067 1317 1112 1377 sic
1131 1319 1219 1377 uteris

212 1405 248 1466 ad
272 1404 466 1466 articulorum
489 1413 520 1466 et
541 1423 702 1466 nervorum
725 1405 988 1465 confirmationem.

159 1505 193 1557 ‘11
302 1495 502 1570 Argimoniam
521 1512 557 1554 ex
577 1496 644 1554 rino
664 1500 784 1554 austero
803 1511 914 1571 coques
933 1501 964 1553 et
982 1501 1062 1553 teres
1081 1493 1219 1554 adrorans

211 1583 362 1644 interdum
386 1582 490 1643 eodem
513 1585 579 1642 vino
603 1581 735 1663 herbam,
758 1589 822 1643 tum
846 1581 969 1642 lomenti
992 1581 1080 1641 modo
1100 1581 1249 1642 calidamn

212 1669 467 1750 condylomatibus
490 1670 684 1731 articulorum
707 1670 754 1731 vel
777 1668 1016 1750 quibuscumque
1034 1668 1101 1730 aliis
1120 1688 1218 1748 super·

210 1777 304 1839 pones
328 1767 358 1820 et
380 1777 417 1819 ne
441 1759 558 1820 decidat
580 1757 723 1837 alligabis.

158 1859 192 1908 ⁷2
301 1846 469 1926 Serpullum
492 1865 586 1926 aeque
610 1865 679 1907 cum
703 1849 770 1907 vino
794 1855 913 1907 austero
936 1855 1054 1908 coctum
1072 1848 1141 1925 pari
1159 1847 1218 1906 dili·

211 1938 310 2015 gentia
342 1936 475 1997 articulis
507 1938 645 2016 inpones,
677 1937 829 2014 potentius
856 1936 1022 1996 remedium
1049 1937 1217 2014 experieris.
1281 1940 1282 1979 l

158 2036 191 2086 73
211 2024 243 2084 Si
262 2022 434 2103 condyloma
454 2023 670 2085 intolerabilem
688 2023 821 2084 dolorem
841 2023 938 2104 faciet,
959 2023 1119 2084 medullam
1140 2025 1246 2084 caniso

210 2131 246 2172 ex
268 2113 337 2171 vino
360 2121 479 2172 austero
503 2113 632 2191 subigito
653 2119 684 2172 et
702 2114 846 2192 inponito,
869 2130 938 2173 oum
957 2130 1072 2173 summa
1090 2112 1216 2173 efficacia

157 2212 191 2260 74
209 2199 353 2278 proderit.
393 2201 563 2279 Argimnnia
595 2203 666 2261 trita
693 2220 761 2262 cum
789 2201 875 2279 adipe
901 2203 1047 2279 permixta
1074 2218 1215 2261 summam

156 2300 190 2350 ro
209 2287 364 2349 medellam
391 2288 646 2368 condylomatibus
680 2289 801 2349 exhibet
828 2288 1030 2350 articulorum.
1078 2288 1214 2368 Spumam

209 2379 325 2455 argenti
352 2384 382 2439 et
409 2395 561 2439 cerussam
589 2377 678 2438 simul
705 2397 742 2438 ex
769 2379 837 2438 vino
865 2388 1003 2438 conteres
1025 2381 1130 2456 aequis
1151 2395 1213 2456 por-

208 2466 341 2528 tionibus
366 2474 396 2527 et
418 2467 543 2546 inpones
570 2465 797 2547 condylomatis,
824 2469 851 2525 si
878 2465 986 2527 vulnus
1013 2466 1132 2546 iecerit,
1159 2465 1244 2526 sul-s

208 2558 293 2634 puris
316 2557 374 2616 vivi
397 2557 514 2617 unciam
537 2555 656 2616 adicies.

155 2657 189 2708 76
298 2642 330 2703 Si
362 2643 479 2722 quando
509 2661 569 2704 non
602 2643 786 2705 exirlceratas
818 2643 994 2703 eminentias
1022 2642 1127 2703 tollere
1154 2645 1212 2703 sine

207 2731 287 2792 ferro
311 2730 504 2814 voluerimus,
533 2738 566 2792 ut
589 2749 739 2813 verrucas,
761 2748 879 2811 naevos,
902 2730 999 2791 clavos
1021 2730 1130 2792 aliasve
1153 2733 1213 2791 eius

207 2822 325 2896 generis
349 2820 511 2900 molestias,
534 2819 590 2881 hoc
613 2820 829 2881 medicamento
853 2827 986 2880 utemur:
1018 2819 1114 2880 Galois
1138 2821 1212 2879 virae

206 2906 306 2987 xvi,
334 2908 463 2970 iaeculae
487 2915 587 2970 coctae
611 2908 636 2969 ll
659 2908 714 2989 111,
742 2910 813 2968 nitri
836 2911 898 2968 usti
920 2907 946 2967 X
968 2906 1017 2969 lll
1056 2907 1137 2969 llaec
1160 2910 1242 2969 teria

206 3003 324 3075 oportet
352 3006 382 3057 et
409 2997 496 3058 lixivo
526 2995 627 3075 colligi
654 2997 691 3057 de
719 2999 820 3057 cinere
848 2996 988 3076 caprollci
1010 2996 1088 3056 lacto
1112 2996 1157 3057 vel
1179 2997 1211 3057 de

206 3086 377 3164 sarmentis,
410 3085 504 3145 donec
532 3085 595 3145 leve
624 3087 664 3146 sit
691 3093 721 3146 et
747 3087 827 3163 passi
856 3085 907 3145 liat
934 3093 1212 3164 temperamentum

206 3170 313 3234 deinde
346 3172 423 3234 adici
454 3172 544 3233 debet
570 3173 709 3234 rubricae
736 3173 848 3252 aliquid
875 3183 927 3234 aut
953 3176 1126 3255 atramenti,
1158 3193 1211 3253 qno

205 3265 300 3341 possit
328 3260 466 3342 colorari,
495 3279 570 3341 quac
600 3261 688 3322 simul
715 3264 806 3322 mixta
833 3263 864 3322 in
890 3262 995 3341 patella
1019 3261 1104 3322 fictili
1127 3263 1211 3342 coqui
1277 3268 1278 3273 ’

295 3401 311 3449 6
331 3395 454 3468 cedriae]
474 3411 583 3452 cernue.
639 3401 673 3450 12
693 3399 743 3451 aut
760 3399 867 3466 posteo.
924 3402 957 3451 td
977 3395 1210 3452 condilimntibns.

208 3468 240 3516 18
260 3465 418 3532 serpullam.
493 3473 525 3520 19
544 3467 740 3535 potentiorem.
812 3473 848 3523 to
866 3467 1031 3523 condiloma.
1095 3472 1130 3522 lt
1149 3485 1210 3523 oon·

205 3530 387 3588 dilimntibus.
459 3540 493 3590 28
511 3552 605 3591 nevos.
678 3543 713 3591 34
731 3539 844 3606 qnoqui.
