2609 4017
511 132 750 196 —227-

124 293 196 355 losis
211 294 284 355 baec
299 295 474 376 conpositio,
491 294 543 355 sed
558 295 594 356 ad
610 313 713 356 omnes
729 311 833 355 causas
848 295 956 354 ieiunis
971 303 1001 355 et
1014 298 1140 356 maxime

124 384 251 461 digestis
275 392 442 463 opportune
466 384 530 444 dari
554 382 650 444 debet.

212 472 258 532 dd
282 472 414 533 dolorem
441 474 582 534 iocineris
610 472 767 552 physicum
794 472 960 533 remedium
988 474 1045 533 sio:
1078 471 1141 532 Cal·
1159 487 1192 537 21

123 560 210 621 culus
240 563 302 621 sive
329 561 458 642 lapillus,
487 563 538 641 qui
565 580 581 621 a
605 561 753 622 calculoso
777 561 869 622 fuerit
892 564 1021 643 eiectus,
1048 579 1140 640 super

94 653 208 711 siecur
232 649 359 712 dolentis
383 650 519 729 alligatus
543 652 643 711 statim
666 650 808 729 proderit.

213 738 321 819 Glycea
343 747 412 818 pota
436 747 466 800 et
484 747 617 801 ventrem
636 738 746 800 laxabit
764 747 794 801 et
812 741 938 800 iocineri
955 739 1090 820 proderit
1109 747 1140 801 et
1157 754 1193 802 22

122 828 283 907 digestioni
307 828 452 890 stomachi
474 827 678 909 opitulabitur,
702 847 790 908 quam
813 827 944 907 glyceam
970 831 1013 888 sic
1033 828 1139 890 facies:

122 916 208 978 hceti
226 914 258 977 θ
278 916 302 997 Ι,
322 917 417 978 mellis
436 917 467 977 P.
486 916 522 997 ll,
545 916 624 977 aloes
646 950 683 959 -
705 916 754 992 Ill,
778 916 901 978 feniculi
919 917 1034 977 radices
1052 916 1084 978 P.
1103 917 1139 999 ll,

122 1024 197 1084 quas
217 1006 332 1067 sublata
351 1008 462 1067 cortice
482 1005 639 1085 diligenter
659 1005 786 1067 siccabis
805 1015 835 1066 et
853 1005 962 1067 tundes
977 1013 1065 1085 atque
1079 1025 1139 1066 una

79 1110 106 1150 ιο
123 1104 211 1155 nocte
231 1097 263 1154 in
282 1102 364 1155 aceto
384 1094 557 1176 macerabis,
575 1102 694 1175 postera
714 1113 784 1155 vero
801 1094 849 1155 die
864 1112 1013 1174 excoques
1027 1094 1063 1155 ad
1078 1113 1138 1155 me-

123 1183 188 1243 dias
207 1191 238 1243 et
257 1183 375 1265 colabis,
399 1192 471 1245 tunc
495 1183 674 1245 admiscebis
691 1184 750 1244 mel
769 1192 799 1244 et
824 1202 935 1263 coques
955 1183 1138 1244 sufficienter

121 1280 212 1351 atque
227 1272 263 1332 ab
277 1274 345 1351 igne
361 1271 510 1333 sublatum
519 1272 721 1353 refrigerabis,
731 1282 765 1333 ut
778 1281 923 1353 tepescat,
937 1281 1040 1351 postea
1053 1272 1138 1333 aloen

121 1370 203 1422 teres
223 1368 253 1421 et
271 1361 419 1441 miscebis,
443 1370 597 1441 praeterea
617 1364 676 1441 apii
693 1362 797 1423 viridis
816 1380 950 1442 pugnum
968 1361 1090 1441 plenum
1109 1371 1139 1421 ot

121 1450 297 1510 tantundem
311 1457 396 1510 rutae
411 1451 514 1511 viridis
529 1452 627 1512 addes.
656 1450 736 1512 Haec
750 1454 847 1511 omnia
862 1451 899 1511 ad
913 1450 1138 1529 spissitudinem

78 1553 107 1595 rs
121 1538 219 1599 mellis
234 1547 317 1599 cocta
332 1538 442 1599 oolabis
457 1547 488 1600 et
502 1539 693 1618 refrigerabis
706 1548 795 1618 atque
809 1539 878 1600 inde
894 1537 1037 1599 coclearia
1052 1546 1138 1599 terna

121 1646 190 1688 oum
215 1646 290 1708 aqua
314 1627 407 1689 calida
429 1630 529 1688 ieiuno
554 1636 584 1689 et
608 1629 721 1706 digesto
745 1645 799 1707 per
823 1627 956 1687 triduum
980 1626 1072 1687 dahis.

211 1716 286 1778 ltem
314 1717 349 1778 ad
377 1718 518 1777 iocineris
544 1717 677 1777 dolorem
699 1716 866 1777 remedium
890 1718 946 1776 sic:
978 1715 1136 1795 Lupinum,
1156 1731 1190 1779 23

120 1805 313 1887 absinthium,
332 1813 457 1886 costum,
479 1806 598 1867 faenum
617 1823 765 1885 graecum,
785 1804 837 1864 sed
859 1804 937 1883 quod
957 1812 1070 1865 tostum
1089 1806 1136 1884 sit,

119 1897 186 1974 pari
209 1894 349 1974 pondere.
387 1893 465 1955 llaec
491 1896 569 1955 sicca
593 1894 701 1955 tundes
725 1901 755 1954 ct
773 1893 873 1953 cribro
893 1893 1061 1955 medicinali
1079 1896 1136 1954 cri·

78 1997 105 2037 ιο
119 1983 235 2065 brabis;
264 1982 342 2045 unde
370 1984 471 2044 ieiuno
500 1983 633 2044 cocleare
661 2001 843 2062 propensum
871 2002 908 2043 er
936 2002 1011 2063 aqua
1042 1983 1136 2045 calida

119 2090 175 2151 per
199 2071 332 2133 triduum
355 2070 452 2152 dabis;
477 2071 554 2152 quod
575 2074 753 2133 intermissis
773 2072 886 2151 aliquot
904 2071 1010 2134 diebus
1028 2091 1135 2135 rursus

118 2179 175 2239 per
194 2160 327 2221 triduum
346 2160 482 2222 similiter
501 2161 662 2222 bibendum
682 2160 773 2223 dabis.
809 2161 956 2222 Memento
976 2170 1084 2243 tamen,
1104 2173 1137 2222 nt

119 2250 240 2310 faenum
261 2266 400 2327 graecum
419 2249 577 2329 diligenter
595 2257 754 2330 torreatur,
778 2258 811 2311 ut
830 2250 906 2311 bene
928 2250 1013 2311 tundi
1031 2252 1135 2330 possit,

119 2347 151 2399 et
174 2339 272 2398 omnia
295 2338 441 2420 observet,
465 2357 541 2417 quae
566 2338 642 2399 infra
664 2340 775 2417 scripta
795 2346 875 2420 sunt,
899 2340 951 2417 qui
969 2339 1134 2399 remedium

77 2439 104 2481 25
118 2435 299 2506 accepturus
322 2428 388 2487 erit.

209 2515 295 2575 Iecur
313 2516 378 2595 lupi
396 2515 545 2577 sublatum
564 2516 632 2576 luna
652 2516 845 2575 decrescente
864 2516 896 2573 in
916 2514 996 2573 fumo
1012 2516 1134 2592 ponitur
1153 2528 1188 2577 24

119 2613 150 2664 et
173 2622 243 2665 cum
262 2606 405 2667 siccatum
424 2611 477 2684 est,
501 2606 624 2684 teritur3
647 2604 717 2664 inde
736 2601 883 2681 particula
902 2603 972 2663 trita
990 2603 1134 2663 miscetur

119 2692 237 2771 pulveri
264 2694 367 2772 aequis
394 2692 582 2772 portionibus
610 2692 687 2754 facto
714 2691 750 2751 de
773 2691 859 2751 faeno
883 2708 1004 2771 graeco,
1030 2690 1133 2769 lupino

119 2789 149 2842 et
172 2781 321 2843 absinthio
345 2789 375 2841 et
398 2788 490 2862 costo,
513 2784 554 2843 ita
573 2790 607 2842 ut
625 2800 662 2843 ex
681 2799 725 2861 eo,
749 2780 829 2859 quod
847 2783 878 2841 in
898 2798 932 2841 se
952 2787 1047 2841 totum
1064 2798 1133 2859 per·

78 2884 104 2925 ao
118 2872 245 2931 mixtum
270 2872 368 2952 fuerit,
392 2889 531 2931 mensura
555 2871 697 2932 coclearis
721 2868 864 2931 cumulati
885 2869 973 2930 detur
990 2869 1027 2930 ad
1046 2870 1133 2946 diem,

118 2977 180 3019 nou
202 2958 384 3020 febricitanti
408 2978 443 3020 ex
463 2961 530 3020 vino
550 2962 651 3041 mixto,
675 2961 700 3020 si
719 2957 908 3040 febricitabit,
932 2977 968 3020 ex
989 2978 1064 3039 aqua
1083 2962 1133 3042 ita,

117 3055 153 3107 ut
180 3065 236 3126 per
263 3048 396 3109 triduum
424 3048 481 3108 hoc
509 3048 692 3110 medicamen
720 3050 839 3109 ieiunus
865 3050 990 3128 accipiat
1013 3057 1043 3109 et
1065 3067 1133 3127 por·

118 3144 202 3197 recto
231 3136 352 3197 brachio
380 3138 412 3197 in
441 3137 544 3197 dextro
573 3137 665 3199 latere
688 3137 735 3197 vel
762 3138 909 3199 semihora
932 3139 1040 3217 iaceat;
1062 3137 1132 3196 inde

118 3225 287 3286 diutissime
311 3225 478 3287 deambulet
502 3234 532 3286 et
554 3227 723 3288 tardissime
747 3226 847 3287 cibum
866 3233 964 3286 sumat
982 3233 1012 3285 et
1031 3224 1131 3284 obser-

208 3366 224 3413 2
245 3362 389 3430 oportune.
458 3378 476 3416 a
494 3363 635 3417 oooobutc‘o
653 3361 716 3417 dari
734 3360 819 3416 debet
836 3359 939 3415 desinit
952 3359 1035 3413 muca
1047 3374 1132 3428 usque

117 3432 155 3485 ad
169 3430 274 3500 XXIII,
293 3437 327 3486 at
349 3432 386 3485 ad
403 3432 489 3501 pedes
507 3432 566 3487 lien
585 3432 706 3489 decidat.
815 3437 830 3485 7
850 3428 1001 3499 digestioni
1018 3430 1132 3499 scripsi.-

117 3501 306 3573 digestionem
325 3503 486 3559 Carnarius.
560 3510 576 3560 8
594 3504 697 3559 radicis
717 3502 876 3560 Omoorius.

916 3588 970 3645 15*
