2609 4017
484 191 638 257 -147
688 228 725 238 -

104 351 147 414 vel
169 371 245 432 quae
267 355 346 416 intra
369 374 404 416 os
427 353 528 416 dolent
550 356 691 416 conficies
715 356 771 416 sic:
798 353 914 434 Piperis
939 387 977 398 —
1003 355 1025 432 l,
1048 355 1110 418 folii

104 473 141 484 -
161 441 187 523 l,
211 444 313 522 spicae
335 443 421 505 nardi
444 436 484 530 ᾇ
504 443 571 525 XII,
594 463 710 524 myrrae
735 435 774 529 3·
794 442 862 524 llll,
889 445 966 504 costi
989 435 1111 529 2XH,

102 533 194 592 msice
212 531 331 593 fistulae
351 525 390 619 3·
406 531 470 612 XII,
489 532 568 594 aloes
587 525 705 619 pilli,
723 540 824 610 guttae
842 533 1017 594 ammoniaci
1031 531 1111 614 -l,

102 619 289 681 dactulornm
319 640 387 682 ossa
414 629 588 682 exustorum
616 613 748 708 2«le
781 621 923 682 salsarum
956 621 1110 682 sardarum

77 709 194 786 scapita
217 711 292 771 trita
314 702 354 796 β
373 709 435 789 Xll,
458 719 543 771 rutae
565 711 689 772 seminis
711 701 752 796 ἓ
771 707 834 790 llll,
856 717 973 771 mentae
993 701 1110 795 Mil,

99 796 178 875 pulei
200 789 242 884 2·
263 797 331 878 Xll,
354 799 466 879 anethi,
494 800 567 880 apii,
590 797 722 877 coliculi,
752 797 938 880 cucurbitae,
965 797 1111 860 marrubii

100 886 185 960 soris).
209 886 357 948 duodena.
398 887 502 948 Omnia
531 887 639 949 tundes
663 896 693 949 et
716 905 821 948 cernes
845 895 875 949 et
898 905 973 966 quae
996 887 1110 948 urenda

100 983 167 1034 sunt
190 993 285 1054 super
308 983 418 1037 testum
442 976 601 1037 combures
620 984 650 1037 et
669 984 749 1037 teres
769 975 858 1057 atque
876 978 907 1036 in
927 994 996 1036 vaso
1014 978 1109 1038 vitreo

98 1079 225 1140 repones
249 1073 282 1125 et
304 1083 373 1125 cum
396 1084 471 1144 opus
495 1065 594 1145 luerit,
617 1068 697 1126 sicco
722 1084 757 1126 eo
780 1069 883 1126 uteris.

66 1169 89 1209 to
184 1152 231 1212 Ad
260 1153 431 1233 synanchen
459 1154 624 1215 remedium
652 1155 709 1215 sic:
746 1153 923 1216 Cuniculum
950 1156 1049 1214 vivum
1079 1155 1110 1214 in
1129 1163 1163 1213 ot

100 1237 152 1299 olla
180 1240 254 1302 rudi
280 1240 439 1302 combures
466 1249 497 1303 et
526 1242 679 1321 pulverem
707 1243 744 1303 de
770 1245 836 1321 ipso
866 1251 948 1303 costo
979 1251 1009 1302 et
1040 1240 1110 1302 lolio

100 1330 199 1406 aequis
232 1329 418 1410 ponderibus
449 1330 590 1392 miscebis
627 1342 657 1392 ct
693 1333 736 1392 sic
773 1333 804 1392 in
836 1333 956 1411 potione
990 1329 1111 1410 plenum

100 1416 232 1478 cocleare
252 1419 291 1479 de
309 1417 366 1480 boc
384 1419 507 1499 pulvere
526 1439 594 1482 cum
612 1422 681 1480 rino
700 1420 784 1481 dabis
798 1429 887 1502 atque
906 1421 994 1480 etiam
1009 1419 1111 1480 lauces

99 1503 165 1565 inde
188 1506 376 1586 pacificabis.
417 1506 511 1587 Caput
533 1510 651 1588 viperae
675 1509 797 1570 linteolo
821 1508 999 1587 conligatum
1024 1506 1111 1568 collo·
1130 1518 1164 1568 67

67 1610 89 1650 1⁵
101 1610 156 1671 que
179 1613 362 1676 suspensum
391 1595 467 1658 toles
495 1599 605 1676 optimo
634 1605 718 1658 sanat
745 1605 796 1658 aut
823 1597 961 1676 probibet
988 1597 1111 1658 innasci.

100 1679 155 1743 bac
182 1703 351 1764 caprimum
378 1703 446 1746 cum
474 1685 568 1746 malra
596 1692 626 1746 et
651 1688 759 1764 exigno
783 1685 843 1746 sale
867 1685 1023 1746 decoctum
1046 1701 1111 1761 gar·
1130 1694 1164 1744 63

102 1773 321 1852 garizatumque
348 1773 456 1834 tosillis
481 1777 576 1852 prime
599 1774 744 1834 medetur.
790 1773 943 1834 blenarum
967 1772 1110 1832 salsarum
1130 1783 1164 1833 69

101 1867 234 1924 ustarum
259 1862 297 1922 de
320 1861 468 1940 capitibus
490 1864 566 1923 cinis
589 1881 625 1923 ex
648 1862 735 1923 melle
756 1863 859 1923 inlitus
878 1861 1013 1924 faucibus
1032 1862 1111 1938 angi·

103 1963 166 2008 nam
188 1949 319 2012 cohibet.
363 1951 456 2030 Aqua,
479 1953 510 2011 in
534 1970 592 2030 qua
614 1969 683 2012 mus
706 1959 809 2012 coctus
831 1953 931 2034 luerit,
954 1949 1110 2010 adversum
1129 1960 1163 2011 7ο

68 2039 218 2115 ttongues
248 2038 408 2100 salubriter
435 2041 529 2100 inscio
557 2041 741 2119 propinatur.
787 2039 915 2102 Caniuae
944 2041 1022 2100 cutis
1046 2056 1109 2099 cor·
1130 2050 1163 2100 71

103 2125 206 2201 rigium
226 2137 275 2188 ter
294 2126 368 2189 collo
387 2127 604 2189 circumdatum
621 2131 697 2190 mire
716 2131 852 2208 anginam
866 2128 985 2190 relevat.
1013 2127 1110 2188 Multi·
1130 2138 1164 2188 72

103 2213 190 2288 pedes
211 2218 359 2297 cationes,
382 2219 435 2296 qui
457 2219 489 2277 in
512 2226 646 2278 stercore
669 2226 833 2280 nascuntur
852 2220 963 2298 quique
982 2217 1112 2278 contacti

103 2302 132 2359 in
153 2303 289 2380 globulos
312 2305 520 2384 conplicantur
542 2305 656 2368 adiecta
684 2309 771 2367 tertia
794 2315 878 2384 parte
902 2308 1019 2367 resinae
1042 2305 1111 2366 vali·

105 2388 221 2454 dissime
247 2395 310 2454 triti
332 2401 363 2454 et
386 2393 568 2474 malagmatis
591 2397 654 2456 vice
678 2397 799 2474 inpositi
827 2397 1004 2472 incipientes
1027 2411 1111 2472 paro·

71 2478 177 2541 aucas
203 2484 344 2561 aperiunt
374 2491 405 2543 et
436 2492 615 2564 expurgant,
647 2490 808 2545 maturatas
840 2501 910 2542 vero
943 2487 1111 2560 personant.

105 2565 236 2650 axungia
262 2578 348 2630 retus
376 2590 446 2632 cum
472 2579 548 2633 testa
571 2575 634 2632 vasi
658 2572 871 2632 salsamentarii
895 2578 1019 2630 contusa
1043 2567 1111 2629 sub·
1131 2581 1164 2628 73

104 2666 225 2739 actaque
243 2667 276 2719 et
288 2659 422 2738 adposita
440 2661 645 2721 collectionem
664 2659 831 2739 parotidum
851 2657 1039 2719 laudabiliter
1053 2655 1111 2716 dis-

106 2747 182 2808 cutit
207 2746 361 2827 ,Vulpinis
390 2749 537 2810 testiculis
567 2748 739 2810 recentibus
767 2747 917 2826 parotides
950 2752 1111 2824 perunctae
1131 2757 1165 2806 74

105 2833 158 2894 cito
177 2837 389 2899 discutiuntur.
425 2837 573 2898 lluricum
593 2846 686 2899 testae
706 2844 835 2897 uruntur
855 2853 1016 2915 earumque
1035 2834 1111 2896 cinis
1131 2845 1163 2894 to

73 2930 169 2984 usum
191 2923 279 2986 melle
301 2924 488 3004 parotidibus
511 2925 671 2987 salubriter
694 2927 856 3005 inponitur.
897 2923 981 2985 limo
1005 2941 1110 3004 caprae
1131 2935 1164 2984 76

106 3015 227 3092 axungia
254 3021 340 3074 vetus
367 3017 513 3092 permixta
541 3024 571 3074 et
599 3014 722 3076 subacta
744 3023 833 3094 atque
859 3023 893 3077 ut
918 3013 1110 3094 emplastrum

106 3098 233 3179 adposita
256 3103 407 3181 parotidas
430 3110 577 3182 persanat
615 3102 711 3164 (lalcis
733 3103 816 3164 floris
840 3095 879 3189 3·
898 3102 948 3184 111,
971 3103 1031 3164 alei,
1050 3103 1109 3180 spi·
1130 3111 1163 3160 77

106 3203 151 3248 cas
164 3191 238 3252 duas
252 3209 321 3252 cnm
339 3195 464 3271 axungia
483 3191 592 3253 tondes
611 3201 642 3253 et
659 3194 785 3271 inpones
804 3191 990 3271 parotidibus
1003 3190 1110 3266 malag-

106 3281 187 3340 matis
219 3298 311 3341 more.
356 3280 546 3342 Nasturcium
579 3299 648 3343 cum
680 3281 810 3342 lomento
838 3283 999 3341 contritum
1028 3285 1111 3338 sanat
1130 3287 1163 3336 78

171 3487 295 3554 agnita.
370 3487 599 3555 10synsnchem.
675 3493 707 3541 ta
727 3489 824 3542 elom.
885 3491 917 3539 15
937 3501 1109 3555 suspensam.

107 3554 138 3606 20
154 3561 332 3626 proponatur.
405 3563 439 3612 23
457 3557 596 3629 globolos.
670 3564 705 3612 24
723 3557 833 3612 uuiuico
854 3557 923 3626 (stc).

897 3643 950 3699 10*

1133 3807 1271 3990 ὲ
