2609 4017
486 182 723 247 -205-

94 349 206 426 vimus3
225 363 294 407 nam
315 354 344 407 et
364 346 548 407 stomachum
567 347 641 405 mire
664 346 806 423 conponit
824 352 855 405 et
872 362 992 405 umores
1007 346 1112 424 siccat,

96 445 286 497 excrementa
310 453 429 514 quoque
452 435 502 495 illa
525 435 592 495 data
615 433 805 514 dysintericis
830 433 959 494 mirabili
981 432 1112 493 elllcacia

95 533 234 605 prosunt.
278 524 423 601 Ossilragi
445 530 549 584 venter
572 521 756 583 madefactus
779 522 991 601 adpositasque
1009 521 1057 582 bis
1076 521 1112 582 ad
1132 537 1166 587 85

96 613 298 693 stomachum,
327 614 379 692 qui
402 612 484 673 cibos
507 631 567 673 non
591 612 767 691 conficiunt,
795 611 972 672 utilissimus
998 621 1045 671 est
1067 610 1112 670 vel

70 706 188 765 setiam
214 704 241 763 si
263 710 378 763 tantum
401 719 491 762 mann
515 708 662 781 teneatur,
685 700 846 779 plurimum
872 702 960 761 iuvat.

186 790 370 871 Oxyporium
385 790 597 870 Dionysianum
615 791 651 851 ad
671 790 867 867 digestionem
886 798 917 850 et
932 789 969 850 ad
984 791 1114 869 rigorem
1133 804 1166 854 86

95 880 245 941 stomachi
274 887 303 939 ct
331 879 367 940 ad
396 881 650 940 confirmationem
679 877 837 957 aqualiculi
869 879 1027 939 conficitur
1057 881 1114 938 sic:

95 968 307 1049 Cydoneorum
330 971 515 1029 incoctorum
534 977 752 1045 tunsarumque
775 968 840 1028 suci
859 965 890 1027 ἃ
905 966 926 1041 Ι,
950 967 1046 1028 mellis
1065 967 1115 1027 de·

95 1060 228 1137 spumati
252 1055 329 1138 el,
352 1059 430 1118 aceti
452 1060 556 1135 optimi
580 1054 651 1117 81.
693 1055 773 1116 llaec
797 1058 946 1116 inunum
968 1058 1115 1135 permixta

57 1168 81 1207 ιο
95 1165 167 1207 vaso
194 1146 306 1225 duplici
329 1146 552 1226 decoquuntur,
579 1147 676 1206 donec
703 1143 837 1205 soliditas
856 1134 901 1205 'ad
929 1163 1022 1205 unum
1051 1163 1115 1205 sex·

97 1238 211 1297 tarium
240 1236 406 1316 redigatur,
434 1235 553 1296 additur
581 1234 713 1313 pulveris
740 1234 908 1311 petrosilini
935 1235 1023 1294 uncia
1049 1251 1116 1313 una,

97 1325 213 1405 cymini
236 1327 387 1385 semuncia
418 1332 448 1384 et
471 1323 547 1384 bene
571 1331 827 1401 contemperatum
858 1322 1043 1383 medicamen
1069 1340 1116 1382 va-

97 1414 184 1475 sculo
203 1415 298 1474 vitreo
317 1413 456 1474 conditur
476 1412 532 1473 sub
548 1412 700 1491 signaculo
716 1420 805 1491 atque
819 1412 889 1472 inde
906 1412 1039 1473 cocleare
1055 1411 1116 1490 ple·

97 1521 173 1564 num
198 1521 214 1562 a
237 1504 337 1563 ieiuno
361 1504 515 1580 accipitur.

58 1613 84 1653 15
191 1590 372 1671 Oxyporium
386 1590 592 1670 Olympianum
607 1589 741 1669 polycles
755 1590 792 1649 ad
804 1590 1000 1667 digestionem
1011 1606 1116 1668 paran·
1136 1602 1170 1652 87

99 1680 170 1741 dam
198 1681 306 1758 accipit
332 1679 419 1741 baec:
450 1678 567 1759 Piperis
590 1712 633 1721 -
652 1679 666 1738 Ι
686 1678 719 1757 S,
745 1676 906 1756 zingiberis
932 1676 1058 1756 -183
1086 1678 1117 1737 in

99 1767 256 1848 pulverem
279 1768 398 1829 redacta
422 1778 452 1829 at
476 1776 556 1829 creta
580 1767 663 1843 haec,
687 1766 811 1827 eumad
831 1765 1025 1845 digestionem
1045 1772 1117 1827 tem·

99 1858 233 1937 peranda
256 1865 354 1937 erunt,
378 1876 414 1918 ex
436 1857 523 1918 melle
547 1855 706 1917 dabuntur.

191 1946 374 2025 Oxyporium
407 1945 640 2026 pancharianum
672 1945 709 2005 ad
738 1944 948 2024 digestionem,
981 1942 1060 2021 quod
1089 1950 1120 2002 et
1138 1956 1172 2005 88

60 2058 86 2099 so
101 2034 263 2115 aqualiculi
283 2036 470 2115 corruptelas
488 2035 533 2095 vel
553 2033 707 2095 aciditates
726 2035 876 2094 consumit
890 2040 919 2093 et
934 2030 1120 2093 stomachum

100 2132 286 2185 marcentem
315 2132 444 2205 recreat,
472 2126 629 2185 tertianam
658 2125 746 2184 etiarn
777 2141 845 2183 cum
873 2124 940 2183 vino
969 2129 999 2181 et
1026 2120 1121 2181 calida

102 2213 161 2274 sub
185 2213 259 2273 hora
283 2213 384 2274 datum
407 2215 483 2274 mire
506 2212 592 2293 tollit,
616 2213 775 2273 conficitur
793 2214 850 2272 sic:
873 2209 990 2291 Piperis
1011 2208 1121 2269 —llll

104 2295 145 2389 ,β
165 2299 215 2383 ΠΙ,
238 2302 339 2363 siselei
365 2335 401 2346 -
424 2302 445 2381 Ι,
469 2301 629 2380 zingiberis
655 2336 692 2344 —
716 2301 728 2362 Ι
749 2300 778 2380 S,
801 2319 901 2361 ameos
928 2291 1122 2385 —1791Vl,

105 2393 189 2451 anesi
215 2390 306 2471 -ll,
329 2391 458 2471 libystici
479 2422 517 2434 —
534 2388 547 2449 l
562 2390 591 2471 S,
615 2392 746 2468 iuniperi
764 2388 888 2467 Hispani
906 2387 978 2446 —l
993 2379 1032 2473 ab
1047 2384 1122 2466 Vlll,

63 2504 89 2544 es
104 2482 146 2541 ita
175 2488 209 2540 ut
235 2482 408 2559 iuniperum
435 2480 554 2541 abintus
577 2486 724 2558 purgetur
748 2477 864 2537 sublato
888 2478 1001 2536 semiue
1025 2478 1121 2535 etsie

104 2578 230 2630 teratur.
271 2568 351 2630 Haec
380 2570 477 2629 omnia
504 2570 536 2627 in
561 2567 714 2646 pulverem
737 2566 857 2626 redacta
880 2571 1067 2642 reponuntur
1090 2565 1121 2622 in

105 2655 215 2718 doliolo
243 2659 337 2718 vitreo
366 2660 495 2737 signato,
522 2655 612 2736 ligula
639 2655 726 2733 plena
755 2672 790 2714 ex
818 2652 913 2714 mulsa
936 2670 1011 2730 aqua
1034 2650 1123 2712 datur

104 2763 216 2806 reruuo.

197 2833 241 2894 ld
269 2835 460 2915 cruditatem,
488 2852 564 2913 qnae
592 2850 732 2894 nauseam
760 2832 844 2911 facit,
872 2829 1038 2891 remedium
1066 2829 1123 2889 sic:
1141 2843 1175 2893 89

65 2956 92 2996 30
106 2922 280 2984 Vettonicae
309 2921 388 3001 drag.
411 2923 424 2982 l
451 2926 483 2983 in
511 2923 637 3002 oxymeli
665 2921 778 3002 cyathis
804 2918 901 2981 tribus
924 2921 1016 2980 mixta
1038 2917 1124 2997 potui

107 3012 206 3073 datur.
248 3011 298 3072 lus
326 3030 445 3091 quoque
469 3011 614 3091 pullinum
639 3011 705 3089 [ubi
728 3019 831 3071 coctus
854 3007 958 3087 fuerit]
982 3007 1124 3069 cruditati

107 3101 281 3182 opitulatur,
305 3103 384 3162 siin
407 3103 504 3180 primo
527 3101 652 3179 prandio
676 3098 842 3160 sorbeatur.
934 3173 936 3176 v

199 3270 425 3327 amentarius.
508 3269 646 3327 mirabile.
725 3268 922 3339 laqunlicoli.
994 3271 1121 3321 8sucns.

109 3346 144 3397 15
163 3342 292 3413 polietee.
374 3349 407 3398 16
427 3342 555 3413 accipiet.
634 3347 669 3397 18
687 3342 810 3411 dabitur,
828 3340 942 3396 conexi.
1014 3342 1049 3391 20
1068 3334 1125 3390 aci-

108 3413 199 3470 dives.
272 3420 306 3469 23
326 3413 426 3471 siselei.
504 3419 539 3468 at
557 3412 684 3471 libistioi.
760 3412 935 3481 casignete.
1011 3414 1044 3463 31
1063 3407 1125 3477 pul-

108 3485 201 3541 linum
223 3486 337 3555 scripsi:
363 3484 494 3556 pallium.
565 3486 648 3541 cerda
670 3484 721 3539 ubi
739 3483 834 3539 coctus
852 3481 938 3536 fuerit
954 3480 1012 3535 scil.
1030 3480 1125 3549 pullus

108 3557 241 3627 ymmone
259 3572 314 3613 cese
331 3564 410 3613 rauce
427 3557 538 3613 inclusi.
