2609 4017
461 167 700 231 -193-

86 329 172 389 machi
193 330 263 390 facit
286 338 315 390 et
337 329 463 390 lluorem
487 330 629 410 eiusdem,
651 331 779 390 maxime
799 347 869 390 vero
888 348 957 390 cum
975 331 1086 391 infirmi

85 417 150 477 nihil
171 417 229 479 cibi
251 421 381 479 retinere
405 428 530 498 possunt
549 426 579 479 et
597 418 741 497 quidquid
762 418 863 479 datum
883 426 929 479 est
948 421 1085 500 reiciunt,

84 508 181 585 recipit
202 507 289 569 haec:
317 507 475 568 hlastiches
499 508 641 568 candidae
664 510 796 590 unciam,
819 507 1004 586 tragacanthi
1027 507 1086 569 albi

83 597 202 676 unciam,
234 597 413 676 Apollinaris
442 596 552 658 herbae
581 596 690 657 radicis
718 598 836 657 unciam
866 615 963 657 unam.
1011 595 1085 658 Con·

62 684 208 745 atnnditur
235 685 461 766 tragacantham
490 704 558 746 cum
581 685 695 765 radice,
722 694 825 764 postea
848 685 993 747 mastiche
1016 689 1086 747 trita

82 772 198 834 adicitur
221 784 252 836 et
275 777 432 854 reponitur
455 774 703 837 medicamentum
727 777 758 835 in
779 777 873 835 vitreo
891 793 969 836 vaso.
1010 775 1085 836 llan-

82 869 138 942 tur,
164 881 231 924 cum
256 883 332 944 opus
355 872 414 944 est,
442 863 586 924 coclearia
610 862 679 924 hina
703 871 766 943 aut,
795 872 885 943 prout
910 867 1085 945 oportuerit,

81 949 140 1027 plus
161 954 297 1013 minusve
317 952 482 1014 secundum
500 955 645 1014 vomitum
663 953 774 1014 lactum
793 970 827 1012 ex
849 971 941 1032 aquae
961 954 1085 1032 frigidae

82 1039 185 1116 cyathis
207 1041 315 1103 tribus.

51 1145 72 1183 ro
160 1131 202 1190 td
231 1131 378 1192 stomachi
404 1131 538 1191 dolorem
566 1137 597 1191 et
623 1129 806 1191 inflationem
835 1131 1000 1192 remedium
1029 1133 1085 1192 sic:
1106 1144 1139 1194 16

81 1214 237 1280 Palmarum
257 1221 396 1281 denarios
410 1218 500 1299 XXX,
524 1221 607 1281 anesi
624 1218 728 1299 Xllll,
751 1221 833 1280 croci
851 1219 926 1300 llll,
948 1221 992 1298 git
1010 1219 1035 1280 X
1050 1219 1087 1300 ll,

82 1309 149 1366 asari
176 1307 260 1390 llll,
290 1311 381 1390 myrti
407 1311 509 1388 nigrae
537 1309 678 1370 bacarum
702 1307 813 1390 llllll,
840 1311 971 1388 iuniperi
998 1308 1086 1370 bacas

81 1394 239 1458 enucleatas
264 1416 389 1460 numero
412 1400 526 1478 viginti.
567 1396 799 1459 Contunduntur
828 1417 964 1459 seorsum
988 1399 1086 1460 omnia

82 1490 107 1542 et
131 1485 160 1544 in
188 1505 284 1548 unum
312 1489 559 1568 commiscentur,
587 1486 694 1547 deinde
722 1488 799 1548 fiunt
826 1486 949 1566 pastilli,
977 1485 1027 1547 alii
1050 1486 1086 1548 ad

50 1586 240 1636 umensuram
261 1577 385 1657 denarii,
405 1577 454 1637 alii
475 1577 511 1636 ad
529 1576 647 1655 pondus
666 1577 826 1656 victoriati,
850 1575 959 1635 dantur
976 1577 1086 1636 ieiunis

81 1677 111 1720 ex
132 1680 222 1742 aquae
247 1666 362 1745 cyathis
384 1664 482 1727 trihus
505 1672 556 1726 aut
579 1685 616 1725 ex
639 1671 781 1744 protropo
805 1671 913 1743 musto,
938 1663 1017 1742 quod
1041 1672 1088 1724 est

81 1753 151 1826 passi
172 1771 278 1831 genus.

159 1840 409 1904 Medicamentum
428 1845 541 1904 siccum
560 1842 597 1902 ad
618 1840 764 1902 stomachi
782 1839 963 1901 inflationem
987 1849 1017 1901 et
1036 1840 1086 1900 do·
1107 1854 1139 1905 1't

81 1925 164 1988 lorem
182 1939 213 1992 et
230 1931 371 2014 inediam,
390 1942 488 1992 moret
507 1939 537 1992 et
555 1932 685 2011 urinam3
709 1931 775 1990 ideo
799 1930 870 1990 lacit
884 1929 964 1990 etad
978 1928 1086 2009 hydro·

50 2016 154 2092 apiccs
181 2029 212 2082 et
240 2023 326 2082 iecur
352 2020 461 2082 durum
488 2019 632 2081 hahentes
663 2027 693 2080 et
722 2020 758 2081 ad
786 2021 964 2101 auriginem,
998 2037 1087 2099 quam

82 2107 190 2182 quidam
213 2112 341 2191 regium,
365 2110 484 2189 quidam
507 2117 665 2188 arquatum
687 2108 825 2170 morbum
848 2117 967 2189 vocant3
994 2109 1086 2170 refer·

81 2201 124 2253 tur
145 2199 175 2257 in
192 2198 308 2260 Musam
327 2200 498 2279 Antonium,
520 2200 628 2278 recipit
651 2206 750 2259 autem
773 2197 861 2259 haec:
889 2197 976 2258 Aloes
998 2198 1086 2259 dena·

81 2283 134 2344 rios
155 2285 187 2368 V,
211 2290 303 2369 croci,
327 2291 465 2367 cinnami,
489 2287 576 2348 nardi
598 2286 735 2367 Syriacae
759 2289 867 2367 spicae,
895 2289 981 2366 asari,
1007 2287 1086 2367 xylo-

81 2368 202 2457 balsami,
217 2377 379 2438 mastiches
393 2376 492 2458 Chiae,
507 2375 692 2455 singulorum
708 2375 845 2436 denarios
860 2393 962 2456 senos3
978 2375 1086 2436 dantur

50 2461 215 2527 ²⁵ooclearia
239 2465 309 2527 hina
331 2465 377 2526 vel
400 2473 486 2526 terna
509 2484 546 2526 ex
569 2483 662 2544 aquae
686 2464 800 2544 cyathis
824 2463 930 2524 tribus.

159 2552 246 2616 Potio
274 2554 428 2615 Cosmiana
457 2553 494 2615 ad
522 2572 640 2615 omnem
672 2555 825 2613 internum
855 2550 1001 2630 dolorem,
1034 2550 1086 2612 sed
1106 2565 1140 2616 18

82 2637 144 2700 lacit
164 2645 290 2704 mirifice
315 2643 352 2704 ad
375 2643 521 2704 stomachi
542 2641 661 2702 dolores
689 2649 719 2701 et
744 2640 779 2701 ad
804 2642 932 2701 tussicos
957 2647 987 2700 et
1008 2639 1086 2718 pthi-

82 2728 150 2790 sicos
177 2734 355 2810 sanguinem
382 2740 413 2793 et
440 2751 497 2812 pus
524 2733 684 2792 reicientes
713 2738 743 2790 et
776 2729 811 2790 ad
844 2729 984 2788 iocineris
1016 2729 1087 2789 vitia

81 2827 160 2896 atque
183 2822 334 2901 pulmonis
361 2829 392 2882 et
419 2821 455 2882 ad
483 2820 585 2881 lateris
609 2818 741 2880 dolorem
764 2837 820 2879 nec
844 2820 943 2879 minus
967 2817 1001 2878 ad
1026 2825 1086 2878 tor·

49 2907 203 2971 ominosas
231 2918 262 2971 et
289 2910 459 2971 convulsam
487 2916 540 2970 aut
565 2916 685 2988 ruptam
712 2907 840 2987 aliquam
867 2914 981 2987 partem
1011 2909 1086 2969 inte-

82 2996 219 3060 stinorum
243 3007 274 3060 et
296 2999 332 3060 ad
351 2998 565 3060 destillationes
589 2998 674 3059 etad
694 3015 755 3078 eos,
779 2999 831 3077 qui
850 3015 985 3058 somnum
1005 2997 1086 3058 nullo

82 3085 160 3147 modo
184 3107 291 3169 capere
314 3095 454 3167 possunt,
477 3087 548 3148 lacit
570 3094 601 3147 et
623 3086 660 3147 ad
683 3086 870 3167 hydropicos,
894 3089 986 3147 siccat
1007 3088 1087 3148 enim

81 3175 196 3238 mirifice
230 3196 296 3258 eos;
328 3179 517 3256 componitur
549 3177 606 3238 sic:
651 3175 745 3236 Dauci
777 3177 899 3236 seminis
932 3175 1088 3236 denarium

82 3276 175 3347 unum,
198 3266 302 3327 alterci
325 3268 447 3326 seminis
470 3265 626 3326 denarium
648 3264 671 3344 l,
696 3266 773 3325 turis
797 3264 951 3326 denarium
975 3259 1032 3323 ld
1057 3261 1086 3342 S,

49 3357 189 3430 ³⁶myrrae
217 3357 372 3416 denarium
390 3373 506 3436 unum,
539 3356 620 3415 croci
648 3353 840 3415 denariuml
868 3352 892 3410 h
922 3352 950 3412 S.
996 3350 1087 3411 Fiunt

165 3550 196 3598 11
216 3543 314 3600 enethi
332 3543 456 3599 Scrchon.

131 3640 286 3697 Mamaos,
298 3653 338 3686 aa.
351 3643 507 3685 mannos,
