2609 4017
496 179 734 244 —353-

195 341 269 400 Cum
288 359 398 420 porcus
417 340 607 422 iugulabitur,
632 343 658 402 is
685 345 738 421 qui
755 361 895 404 verrucas
913 344 1034 405 habebit
1053 365 1117 406 san·
1138 359 1173 409 66

103 432 225 507 guinem
254 431 319 489 eius
347 429 480 490 subiecta
509 449 543 490 66
574 433 710 509 corporis
740 441 825 510 parte
858 435 1013 513 suscipiat,
1045 435 1116 496 dum

103 519 201 579 adhuc
226 517 338 578 calidus
358 517 448 600 exilit,
472 526 501 578 et
525 537 592 578 mor
615 519 669 580 ubi
693 522 856 600 siccaverit,
880 523 979 582 statim
1004 521 1116 602 abluat3

103 609 197 667 citum
231 606 395 667 remedium
429 609 606 685 experietur.
653 607 760 669 Mulier
789 628 860 680 6666
886 611 1050 673 remedium
1078 612 1115 673 de

71 696 219 757 sacrolae
244 697 387 774 sanguine
409 695 506 756 166166.

195 783 317 845 Stercus
345 783 547 846 columbinum
576 783 621 844 661
649 785 745 846 solum
773 785 817 845 661
841 805 909 847 cum
933 805 987 847 ovo
1010 789 1115 849 tritum
1134 801 1169 850 6ο

102 872 273 934 dolentibus
297 872 430 934 articulis
454 872 572 933 inlitum
590 874 722 951 prodest.
759 873 838 935 Felle
858 877 960 936 ursino
979 878 1115 954 perfricti
1133 889 1167 936 61

102 961 224 1022 articuli
246 960 347 1022 dolore
371 960 602 1022 relevabuntur.·

192 1048 230 1110 Ut
253 1051 362 1128 lrigora
385 1060 416 1111 66
438 1053 560 1128 pruinas
582 1049 669 1111 facile
692 1053 859 1112 sustineant
876 1070 932 1111 666
951 1053 1114 1114 adurantur
1133 1065 1168 1114 62

54 1154 85 1193 ao
101 1138 234 1218 articuli,
263 1148 360 1199 terrae
387 1138 463 1198 malo
491 1146 616 1199 contuso
641 1157 707 1200 cum
731 1142 857 1217 axungia
880 1148 981 1201 661666
1004 1160 1113 1220 perun·
1162 1169 1166 1172 ·

100 1236 239 1305 guantur.
272 1226 407 1305 Pampini
429 1229 530 1288 vitium
550 1228 613 1287 triti
633 1228 761 1288 admixta
786 1228 937 1289 hordiacia
955 1229 1049 1289 farina
1068 1248 1112 1290 ar·
1132 1242 1166 1291 63

100 1314 263 1376 1166166661
286 1315 398 1376 morbis
420 1315 587 1376 medentur.
624 1316 797 1376 Acrilolium
821 1336 889 1378 cum
913 1325 980 1378 ture
1003 1318 1166 1381 61661664

100 1413 131 1464 66
151 1402 215 1464 oleo
235 1403 390 1465 subactum
409 1406 631 1483 inpositumque
649 1405 787 1466 medetur
801 1406 942 1467 articulis.
973 1405 1112 1467 Incussus
1131 1419 1165 1469 66

100 1491 243 1552 articulos
271 1510 443 1553 aranearum
469 1493 545 1553 telae
569 1511 637 1553 cum
661 1492 726 1553 6166
749 1496 894 1572 inpositae
917 1494 1111 1555 saluberrime

56 1595 86 1635 15
101 1589 214 1641 sanant.
247 1580 399 1641 Fracturis
418 1580 611 1642 articulorum
630 1582 706 1641 cinis
725 1600 761 1641 ex
780 1581 943 1643 semoribus
962 1584 1110 1660 pecudum
1130 1596 1165 1646 66

100 1669 196 1730 166666
221 1677 250 1730 66
273 1688 342 1731 cum
365 1688 432 1730 cera
455 1672 565 1730 mixtus
589 1671 664 1730 mire
688 1670 832 1730 medetur.

189 1757 331 1818 Invictum
356 1760 507 1837 potionem
531 1758 566 1818 ad
592 1760 730 1818 sciaticos
758 1766 788 1818 et
810 1758 980 1818 artlrriticos
1003 1760 1165 1822 16616667

99 1856 161 1907 tem
184 1849 215 1905 in
239 1847 324 1907 titulo
348 1849 502 1924 superiore
526 1847 562 1906 de
587 1849 716 1907 sciaticis
735 1847 905 1925 plenissime
925 1849 1110 1928 scripsimus,

98 1934 151 1995 sed
177 1937 315 2013 quoniam
339 1945 398 1996 tam
422 1935 538 1996 divinus
562 1937 626 1995 eius
650 1935 773 1996 effectus
797 1944 852 2015 est,
874 1936 1038 1995 iterandam
1058 1954 1110 2014 pu·

56 2038 86 2078 so
99 2024 169 2102 tavi,
189 2041 226 2082 66
242 2027 308 2101 quis
327 2023 488 2084 arthriticis
504 2023 633 2084 remedia
648 2027 805 2102 requirens
818 2023 908 2084 huius
926 2027 1110 2102 ignoratione

97 2111 226 2172 fallatur.
249 2110 350 2172 Fimus
374 2130 445 2189 ergo
469 2111 554 2172 ibicis
577 2114 607 2170 in
623 2111 700 2172 silva
720 2111 766 2172 rel
784 2115 815 2172 16
833 2123 933 2173 monte
953 2112 1110 2194 colligitur,

98 2201 125 2260 si
149 2200 215 2260 lieri
238 2207 336 2278 potest
359 2200 428 2260 1666
447 2199 536 2280 XVII,
561 2202 607 2260 sin
630 2219 680 2261 666
704 2201 831 2281 urgebit,
854 2219 1043 2281 quocumque
1061 2203 1110 2263 die

96 2287 262 2368 colligitur3
295 2307 364 2349 sane
395 2287 472 2348 XVll
503 2289 573 2349 luna
605 2289 853 2351 medicamentum
885 2291 951 2351 11661
983 2299 1110 2370 oportet,

96 2376 179 2456 quod
203 2379 245 2436 sic
270 2378 372 2438 iacies:
404 2376 520 2437 Fimum
546 2379 620 2457 elue,
643 2387 788 2456 quantum
811 2395 911 2458 pugno
935 2378 1022 2457 pleno
1046 2378 1110 2440 tolli

55 2481 82 2522 aa
96 2467 218 2546 poterit,
237 2465 395 2526 dummodo
415 2465 522 2544 pilulae
541 2468 638 2543 inpari
657 2483 782 2526 numero
802 2469 870 2546 sint,
888 2474 1026 2526 conteres
1040 2466 1109 2527 rali-

97 2553 220 2614 dissime
248 2554 283 2614 ad
312 2571 455 2614 summam
484 2553 645 2633 levitatem,
678 2564 743 2614 tum
773 2555 885 2633 piperis
913 2572 1004 2633 grana
1031 2553 1109 2613 XXV

95 2642 188 2702 addes
216 2650 247 2703 et
273 2642 368 2703 mellis
395 2642 543 2703 heminam
567 2649 596 2702 et
619 2641 671 2702 diu
693 2649 787 2723 teres3
815 2643 922 2703 debinc
946 2643 1006 2702 6161
1029 2650 1107 2702 6616-

96 2732 140 2790 616
159 2730 269 2792 adicies
288 2729 318 2790 ἃ
338 2730 392 2790 1111
411 2738 441 2790 61
459 2731 572 2791 conditi
589 2748 673 2791 more
692 2730 831 2791 miscebis
849 2732 1015 2810 potionem,
1036 2748 1108 2791 sane

96 2821 150 2897 qui
177 2826 355 2898 accepturus
383 2827 429 2879 est
456 2838 491 2880 cx
514 2819 562 2879 die
586 2819 663 2879 16616
687 2819 792 2880 diebus
816 2818 866 2879 Vll
889 2820 1039 2880 continuis
1062 2838 1108 2879 66-

54 2925 81 2964 co
97 2908 200 2987 cipiet,
229 2909 345 2968 etiamsi
367 2907 504 2968 omnibus
528 2925 650 2968 ossuum
675 2907 898 2986 compaginibus
921 2909 1055 2969 adlectus
1078 2918 1109 2969 66

95 3002 268 3057 6661666166
292 2994 414 3076 iacebit,
441 2999 519 3056 intra
547 2996 610 3056 dies
634 2995 685 3056 Vll
708 2997 749 3056 ita
772 2997 938 3078 sanabitur,
967 3004 1000 3058 ut
1023 3015 1108 3058 num-

96 3102 185 3163 quam
208 3084 329 3164 paribus
352 3083 504 3145 doloribus
527 3083 695 3164 inplicetur.

185 3173 402 3252 Condylomatis
429 3173 622 3233 articulorum
650 3180 681 3232 et
705 3191 865 3233 nervorum
889 3172 1000 3233 sertula
1023 3171 1160 3234 (1616-66

185 3326 339 3380 36161666,
433 3326 536 3380 6solo.
633 3325 707 3379 7161
725 3325 859 3378 ursinum.
950 3325 1106 3393 9proinas.

98 3402 130 3451 17
150 3398 306 3464 6666611666,
330 3398 393 3451 item
417 3400 460 3450 18.
529 3401 561 3453 18
581 3396 615 3450 de
634 3413 686 3450 om.
766 3401 799 3449 19
817 3395 922 3463 potavi.
996 3393 1107 3448 21661-

95 3467 209 3535 legitur,
227 3469 291 3521 61666
309 3473 352 3522 23.
407 3466 613 3537 2311661]1661.
659 3465 897 3520 26661661661666,
943 3471 978 3519 30
992 3481 1107 3520 ossuum

96 3539 169 3607 (61616
188 3539 292 3592 ossium
309 3537 467 3594 Carnarius.
540 3543 574 3592 33
589 3535 788 3592 condilimetis.
861 3534 992 3604 serpullo.

149 3637 310 3688 Maucunua,
324 3646 363 3678 66,
377 3637 532 3677 Hanunea.
912 3629 945 3677 23

1180 3742 1275 3850 ,-
