2609 4017
574 186 818 252 -322-

139 366 174 416 38
282 351 396 412 Dantur
418 350 495 411 hene
519 348 555 410 ad
579 348 752 411 solvendum
776 358 910 411 ventrem
932 352 1068 430 potiones
1088 347 1137 408 vel
1155 366 1207 427 po

192 440 272 502 lenta
291 459 359 501 cum
378 457 466 520 aqua,
489 441 522 500 iu
544 457 600 518 qna
621 441 749 500 satureia
775 447 828 500 aut
845 439 977 518 puleium
996 445 1047 500 aut
1070 437 1208 517 thymum

191 537 244 591 aut
271 528 363 590 herba
391 526 577 589 Mercurialis
604 530 720 589 incocta
748 528 854 610 luerit3
881 527 932 589 sed
961 536 992 588 et
1012 526 1087 587 hacc
1109 529 1154 586 ita
1176 528 1207 586 in

191 617 290 680 tribus
318 619 455 679 sextariis
482 635 576 696 aquae
604 617 827 696 decoquuntur,
857 617 952 677 donec
979 615 1015 676 ad
1043 617 1208 676 sextarium

192 707 389 786 perducatur3
420 705 456 766 ad
489 705 672 766 inflationem
701 724 771 766 vero
804 705 949 767 stomachi
981 704 1143 765 saliuncam
1176 706 1236 764 ins
1297 786 1298 793 ἵ

193 813 268 874 aqua
296 794 422 873 decoqui
449 803 569 873 oportet
596 803 627 854 et
649 796 789 874 exiguum
813 803 930 856 acetum
953 794 1030 855 adici
1052 801 1144 872 atque
1166 794 1207 853 ita
1297 814 1298 851 t

191 884 276 962 potui
300 881 373 943 dari.
1297 890 1298 895 ’

139 986 173 1034 ue
282 970 434 1051 Hysopum
457 974 554 1032 ventri
579 972 726 1032 movendo
749 972 953 1032 vehementius
976 978 1023 1031 est
1044 987 1134 1050 quam
1158 968 1207 1029 ah

193 1060 351 1140 sinthium,
384 1059 472 1122 datur
506 1070 603 1121 autem
636 1059 775 1122 similiter
801 1061 957 1122 decoctum
985 1067 1073 1139 atquc
1103 1058 1207 1118 eadem
1298 1054 1299 1125 l

193 1167 346 1230 mensura3
374 1149 496 1229 prodest
524 1152 612 1210 etiam
639 1149 701 1231 his,
730 1149 839 1229 qulbus
865 1151 897 1209 in
924 1155 1046 1228 pectore
1073 1147 1208 1231 liquores
1221 1162 1248 1202 to
1298 1158 1299 1217 p

193 1239 335 1316 glutinosi
358 1237 540 1319 subsistunt,
570 1240 622 1317 qui
647 1246 678 1298 et
700 1239 833 1316 spirandi
856 1237 1061 1298 difficultatem
1084 1245 1116 1296 et
1138 1239 1207 1296 stri-

194 1327 297 1386 dorem
317 1326 462 1387 stomachi
481 1327 606 1408 laciunt3
631 1329 702 1387 item
721 1327 770 1388 his
787 1325 917 1407 prodest,
940 1329 992 1406 qni
1010 1327 1041 1385 in
1059 1332 1124 1386 toto
1143 1343 1208 1386 cor·

192 1432 265 1495 pore
288 1415 427 1475 videntur
450 1415 582 1494 liquores
605 1423 762 1476 concretos
785 1415 904 1476 habere.

140 1517 176 1566 40
283 1503 381 1564 Alium
397 1522 464 1564 cum
478 1503 588 1564 herhaa
603 1504 789 1566 Mercurialis
802 1503 881 1564 loliis
895 1511 947 1564 aut
961 1504 1074 1564 semine
1088 1510 1208 1562 coctum
1299 1508 1300 1529 ¹

192 1591 238 1652 vel
261 1611 330 1653 cum
353 1599 420 1653 ruta
445 1602 474 1654 et
497 1592 644 1654 absinthio
669 1601 788 1654 coctum
815 1595 908 1671 magis
936 1599 1034 1653 movet
1062 1599 1208 1668 ventrem,
1221 1607 1248 1647 ιε

192 1681 324 1760 liquores
358 1689 457 1742 autem
490 1699 593 1742 omnes
626 1682 751 1743 adiectis
783 1681 899 1743 duabus
928 1679 1069 1741 radiculis
1096 1681 1209 1741 veratri
1300 1680 1301 1745 l

192 1771 271 1848 nigri
289 1773 377 1830 etiam
396 1772 427 1830 in
446 1770 523 1831 febri
541 1770 641 1831 datum
662 1770 783 1832 deducit
801 1789 855 1850 per
873 1778 1006 1831 ventrem
1025 1769 1072 1830 rel
1086 1786 1209 1830 sursum
1300 1768 1301 1805 ³

192 1875 296 1920 versus
319 1877 374 1936 per
397 1861 539 1920 vomitum
561 1867 677 1939 purgat.

138 1959 172 2009 41
282 1946 467 2030 Embamma,
491 1966 550 2027 quo
573 1955 678 2009 venter
700 1947 833 2029 solvitur,
856 1950 913 2009 sic:
945 1946 1119 2008 Scamcniae
1140 1947 1169 2006 Χ
1187 1947 1209 2028 l,

192 2033 351 2112 zingiberis
381 2035 405 2096 ll
433 2036 460 2116 l,
490 2039 602 2115 piperis
630 2035 656 2097 li
684 2036 711 2118 l,
743 2039 815 2098 nitri
842 2037 869 2097 Χ
896 2036 918 2096 l.
969 2035 1050 2096 flacc
1082 2044 1251 2097 cantusare

192 2130 223 2182 et
251 2121 379 2183 cribrata
407 2132 610 2207 reponuntur3
638 2126 707 2186 inde
735 2144 804 2186 cum
832 2143 908 2206 opus
934 2134 981 2186 est
1005 2127 1136 2186 sumitur
1160 2144 1209 2186 co·
1301 2162 1302 2197 1

193 2211 288 2271 cleare
316 2211 436 2288 plenum
467 2221 498 2273 et
527 2214 654 2275 adicitur
682 2213 846 2274 embamma
873 2214 985 2275 lactum
1012 2232 1048 2274 ex
1076 2231 1149 2292 garo
1180 2224 1211 2275 et
1301 2200 1302 2217 ¹

194 2306 277 2360 aceto
302 2317 458 2362 mensurae
482 2302 580 2380 cyathi
603 2303 726 2364 dimidii.
762 2302 807 2363 Ex
829 2303 887 2363 hoc
909 2301 1056 2364 lactucam
1078 2311 1131 2363 aut
1147 2303 1210 2364 vol·

194 2405 259 2448 vam
287 2389 443 2450 comedere
466 2391 600 2452 ieiunum
624 2399 756 2471 oportet,
782 2391 834 2451 sed
858 2393 982 2470 sensim,
1005 2409 1066 2451 non
1089 2394 1211 2452 univer·

194 2496 264 2539 sam.
303 2478 376 2540 Cum
400 2481 468 2559 quis
491 2499 545 2559 per
564 2487 698 2540 ventrem
716 2487 860 2559 purgatus
879 2481 979 2559 luerit,
1002 2481 1091 2541 etiam
1111 2489 1211 2541 vomat
1223 2493 1253 2534 ὅ

193 2570 223 2628 in
252 2565 368 2628 balineo
396 2568 659 2649 medicamentum,
691 2587 750 2648 quo
778 2570 890 2630 reiecto
918 2569 1038 2628 domum
1069 2587 1211 2630 reversus

195 2654 295 2716 cibum
319 2657 505 2718 sufficienter
528 2665 557 2718 et
580 2659 682 2717 vinum
706 2664 811 2717 sumat.

139 2755 175 2804 42
283 2743 365 2805 Vinia
393 2748 438 2807 uti
466 2753 583 2825 oportet
610 2746 646 2807 ad
674 2747 884 2806 intestinorum
913 2745 1031 2805 dolores
1058 2744 1147 2806 laetis
1173 2763 1210 2806 ex

193 2840 259 2892 ruta
280 2841 310 2894 et
327 2834 436 2914 puleio,
459 2837 534 2914 apio,
558 2836 689 2916 origano,
713 2852 811 2914 aneso,
834 2834 938 2915 dauco,
955 2834 1069 2914 thymo,
1084 2832 1210 2916 hysopo,

192 2937 313 2999 panace,
337 2923 494 3002 dictamno,
517 2923 634 2984 anetho.
1221 2936 1251 2976 ³⁰

140 3021 176 3069 43
285 3007 392 3070 Sahuci
426 3028 527 3071 semen
559 3014 664 3073 tritum
693 3030 760 3072 cum
788 3013 857 3071 rino
884 3010 986 3072 datum
1013 3018 1044 3071 et
1070 3018 1209 3071 ventrem

191 3105 289 3157 movet
308 3104 338 3157 et
355 3098 478 3176 prodest
495 3101 707 3161 intestinorum
727 3099 893 3181 doloribus3
911 3095 1118 3179 chamaeropis
1134 3118 1208 3179 quo

191 3203 249 3264 que
281 3204 382 3246 semen
417 3206 452 3248 ex
481 3189 549 3248 rino
576 3189 678 3250 datum
708 3187 843 3250 similiter
870 3188 993 3267 prodest
1026 3204 1144 3248 necnon
1177 3196 1210 3249 et

192 3275 390 3355 chamaepitys
409 3277 480 3337 trita
500 3295 535 3337 ex
554 3278 622 3337 vino
641 3285 711 3357 pota
729 3276 808 3338 idem
826 3285 966 3357 praestat,
990 3277 1080 3338 etiam
1101 3295 1207 3338 semen

280 3411 450 3482 teatureia]
469 3414 518 3466 ant
535 3427 609 3468 cera.
654 3413 786 3481 poleium.
834 3416 866 3465 11
884 3410 1039 3480 gluttinoai.
1092 3417 1127 3466 18
1140 3427 1206 3466 con-

192 3479 294 3550 cretos]
314 3483 470 3537 concoctos.
549 3487 582 3536 14
601 3481 691 3536 alium
710 3488 759 3537 lm
777 3481 876 3537 ellium
894 3488 953 3538 2m.
1034 3486 1071 3536 28
1090 3482 1207 3553 oportit.

190 3553 225 3601 29
244 3548 353 3604 dcucio.
426 3557 459 3605 32
479 3552 645 3620 chameropi.
