2609 4017
507 205 722 270 „53-

108 386 253 429 canorum
276 370 354 448 nigri
377 368 547 430 emicabant
570 369 677 449 capilli.
714 362 886 447 Euporieris
906 387 1009 429 rerum
1027 382 1157 430 reme-5

108 458 200 539 dium,
224 460 381 537 siagrium
405 458 606 519 candidissimi
632 460 737 537 capitis
761 458 916 519 decoreris
939 467 1029 537 atque
1053 458 1122 517 inde

108 555 198 626 caput
217 549 291 626 eius,
311 564 399 625 quem
420 564 526 608 canum
545 565 611 607 esse
630 546 715 627 nolis,
734 549 805 625 ungi
825 548 1023 627 praeceperis,
1058 544 1121 607 Hoc
1141 560 1157 609 6

108 636 208 717 facito,
232 654 268 695 ne
293 634 390 715 capilli
414 644 585 697 canescant:
617 634 757 697 Radicem
782 654 869 696 unam
894 636 986 696 caulis
1011 645 1121 714 quanto

80 724 282 803 sampliorem
307 732 337 785 et
360 727 552 785 vetustiorem
575 727 608 785 in
631 725 719 785 lurno
738 724 863 785 siccabis
883 742 1006 805 eamque
1026 725 1122 786 minu·

109 814 224 873 tissime
252 813 391 873 concides
421 823 450 874 et
477 816 509 874 in
538 813 625 873 ollam
653 814 759 874 rudem
783 816 883 873 mittes
907 822 937 874 et
960 832 1034 893 aqua
1058 813 1122 873 lon·

110 912 178 963 tana
200 904 316 963 recenti
338 902 465 981 inplebis
489 912 518 964 et
542 902 577 963 ad
603 902 732 963 medinm
755 903 904 982 decoquas
930 909 1033 982 operta
1055 902 1121 984 olla,

109 1000 173 1051 tum
194 992 225 1051 in
249 989 365 1051 balineo
390 998 479 1071 caput
503 1009 612 1070 sapone
636 994 746 1069 optime
770 991 880 1052 lavabis
904 1009 1031 1070 cumque
1050 992 1122 1051 satis

108 1079 254 1140 mundum
274 1080 417 1160 eileceris,
435 1082 524 1141 etiam
544 1099 577 1140 ea
596 1098 680 1161 aqua,
700 1098 788 1159 quam
804 1082 955 1159 parareris
970 1080 1006 1140 de
1024 1080 1123 1139 radice

69 1188 94 1227 ιο
111 1168 219 1249 caulis,
243 1177 332 1247 caput
354 1170 395 1229 ita
419 1168 596 1229 confricabis
620 1177 770 1248 tamquam
794 1169 888 1229 solum
913 1187 948 1229 ex
972 1186 1006 1229 ea
1030 1168 1122 1248 laves3

111 1276 179 1317 mox
210 1257 348 1336 capillum
377 1257 468 1318 linteo
497 1257 627 1318 involves
656 1276 710 1318 nec
734 1257 792 1319 ulla
817 1277 905 1337 supra
929 1276 1004 1337 aqua
1028 1258 1123 1318 uteris

109 1354 139 1406 et
159 1335 347 1407 ita'siccabis.
386 1344 449 1406 Hoc
468 1365 562 1425 purus
581 1364 650 1424 ages
668 1349 754 1425 puris
768 1349 857 1407 etiam
875 1348 1020 1407 ministris
1040 1364 1121 1406 usus.

108 1435 153 1494 Ad
178 1434 354 1513 nigrandum
377 1434 515 1513 capillum
529 1436 657 1515 'egregie
681 1436 763 1516 iacit,
792 1438 818 1496 si
841 1437 888 1495 ovi
910 1436 1024 1496 corvini
1048 1445 1158 1514 quael

109 1534 180 1585 sum
204 1526 346 1585 interiora
369 1525 466 1603 inpari
489 1542 614 1585 numero
637 1526 668 1584 in
693 1542 743 1585 vas
766 1543 886 1585 aereum
910 1527 1010 1586 mittas
1034 1530 1123 1602 atque

69 1632 95 1673 15
109 1612 171 1673 illic
195 1612 246 1673 diu
270 1615 399 1692 coagites
423 1621 453 1673 et
476 1631 542 1674 raso
566 1616 662 1692 capite
688 1615 718 1673 in
743 1612 847 1674 umbra
874 1631 929 1691 per
952 1611 1123 1692 peniculum

109 1703 235 1781 pictoris
258 1704 393 1783 inponas,
416 1702 468 1762 sed
492 1702 586 1763 donec
611 1704 741 1762 siccetur
763 1702 895 1782 inlectio,
918 1709 948 1760 et
971 1700 1069 1760 oleum
1092 1703 1123 1759 in

109 1808 163 1850 ore
186 1792 284 1851 teneri
308 1798 426 1869 oportet
450 1797 480 1851 et
504 1809 572 1851 sevo
592 1792 712 1851 cervino
732 1790 837 1850 faciem
855 1790 992 1869 perungi,
1016 1806 1052 1848 ne
1074 1788 1123 1848 de-

110 1878 290 1940 stillantibus
309 1882 401 1957 gultis
421 1879 599 1961 maculetur3
617 1885 698 1940 tanta
718 1881 797 1939 enim
812 1877 887 1939 solet
906 1896 972 1939 esse
987 1879 1031 1938 vis
1051 1879 1124 1959 eius,

110 1975 144 2029 ut
163 1970 251 2028 etiam
271 1967 384 2051 dentes,
408 1968 479 2029 dum
503 1970 641 2049 siccatur,
664 1969 784 2029 inficiat.
826 1966 938 2039 Quarto
958 1975 1057 2028 autem
1076 1966 1124 2027 die

68 2075 95 2115 ao
110 2065 201 2136 caput
224 2056 314 2117 lavari
337 2065 456 2136 oportet
479 2065 545 2136 post
564 2057 747 2118 medicamen
766 2058 938 2136 inpositum.
970 2055 1123 2117 Vermium
1142 2068 1158 2118 8

109 2154 300 2207 terrenorum
315 2148 391 2206 cinis
411 2145 476 2206 oleo
496 2146 638 2227 adiectus,
654 2165 712 2225 quo
728 2148 773 2209 uti
787 2147 912 2207 feminae
926 2148 958 2205 in
977 2145 1123 2224 pectendo

110 2234 217 2317 solent,
241 2234 362 2314 capillos
384 2233 524 2313 prohibet
547 2243 701 2296 senectute
725 2238 841 2296 mutari.
883 2234 964 2294 Folia
987 2234 1158 2313 cupressis

110 2326 181 2384 trita
205 2343 242 2384 ex
265 2331 347 2384 aceto
372 2325 461 2403 capiti
484 2322 567 2384 inlita
592 2331 621 2383 et
643 2324 780 2385 inficiunt
804 2342 894 2385 canos
917 2332 947 2383 et
969 2324 1001 2383 in
1020 2341 1122 2383 eorum

110 2412 210 2474 locum
242 2414 343 2491 nigros
375 2412 507 2473 educunt
539 2412 670 2491 capillos
715 2412 814 2473 Nuces
846 2411 1000 2490 iuglandes
1028 2411 1124 2472 adhuc
1144 2423 1177 2472 10

69 2519 95 2559 25
110 2501 222 2561 virides
246 2512 276 2561 et
298 2509 417 2562 teneras
440 2510 471 2562 et
493 2501 618 2562 totidem
641 2501 762 2580 glandes
785 2500 876 2561 velles
895 2519 930 2560 ex
949 2500 1054 2560 arbore
1074 2500 1122 2559 ad-

109 2590 170 2652 huc
199 2590 309 2651 virides
337 2597 367 2651 et
389 2590 515 2651 necdum
539 2592 711 2650 maturitate
736 2589 874 2649 solidatas
898 2594 987 2666 atque
1010 2590 1041 2647 in
1065 2587 1123 2666 pila

111 2687 252 2739 contusas
284 2680 432 2758 exprimes
465 2696 626 2757 earumque
656 2696 728 2737 suco
756 2677 792 2737 ad
821 2676 996 2737 inficiendos
1024 2693 1123 2755 canos,

111 2768 183 2828 dum
206 2777 294 2847 caput
317 2770 425 2848 pectis,
449 2770 596 2847 pectinem
616 2770 743 2845 tingues.
782 2764 1033 2843 Sanguisugarum
1058 2783 1121 2825 sex·
1143 2776 1174 2825 11

110 2858 206 2917 tarius
231 2855 347 2916 duobus
370 2858 507 2917 sextariis
536 2858 613 2934 nigri
641 2858 701 2915 vini
727 2856 869 2915 miscetur
891 2863 922 2915 et
944 2852 995 2913 XL
1019 2853 1125 2915 diebus

69 2964 96 3002 so
110 2947 142 3005 in
162 2944 281 3007 vasculo
299 2943 437 3024 plumbeo
453 2944 610 3024 diligenter
625 2944 725 3005 clauso
739 2952 916 3025 maceratur,
934 2943 1124 3022 postmodum

111 3052 180 3094 cum
208 3036 272 3113 ipso
300 3036 368 3094 rino
397 3042 594 3095 conteruntur
621 3033 777 3095 hirudines
809 3042 839 3095 et
872 3034 902 3094 in
935 3031 997 3093 sole
1030 3032 1125 3093 calido

111 3124 201 3201 capiti
233 3122 337 3183 deraso
369 3122 404 3183 ad
433 3122 644 3201 permutandos
676 3122 797 3203 capillos
829 3140 931 3184 earum
962 3140 1053 3183 sucus
1081 3124 1124 3181 in·

111 3213 234 3289 ponitur
262 3211 340 3291 oleo,
369 3230 406 3271 ne
431 3212 534 3272 dentes
558 3211 742 3293 inficiantur,
766 3212 860 3273 donec
884 3214 1014 3271 siccetur
1033 3209 1124 3270 medi·

112 3318 226 3380 camon,
249 3304 279 3361 in
303 3318 354 3361 ore
379 3300 508 3361 detento.
546 3299 617 3359 Ervi
640 3300 764 3380 siliquae
783 3304 957 3379 priusquam
980 3306 1177 3379 arescentia

70 3405 97 3446 ss
112 3408 181 3449 cum
205 3389 282 3450 loliis
307 3396 337 3449 et
360 3390 443 3450 caule
468 3408 522 3449 suo
546 3398 743 3451 conteruntur
767 3398 797 3450 et
820 3406 887 3449 raso
906 3388 1003 3468 capiti,
1028 3394 1060 3447 ut
1079 3405 1125 3447 ca·

185 3583 301 3647 3nnge.
368 3577 572 3647 idequoques.
638 3581 671 3631 15
689 3575 872 3648 pinniculum.
933 3580 967 3629 31
986 3573 1125 3630 erudires.

1142 3789 1255 3965 s
