2609 4017
491 198 642 266 —329
691 234 729 245 —

99 361 235 441 dimidio,
258 368 322 422 tum
345 360 470 422 relicum
494 361 592 422 oleum
616 369 647 422 et
667 379 736 423 cera
755 369 785 422 et
804 360 1004 423 terebinthina
1022 362 1116 443 lique-

99 453 181 512 facta
202 453 345 511 mortario
368 450 626 529 superfunduntur
645 458 676 510 et
694 459 949 530 concorporantur
967 460 1058 531 atque
1075 455 1116 513 ita

100 543 134 601 in
158 537 267 600 doliolo
290 541 384 600 vitreo
407 545 602 619 reponuntur.

193 627 237 688 Ad
256 626 460 708 condylomata
478 630 528 688 ani
546 628 617 689 lacit
634 626 711 688 bene
726 626 880 689 elaterium
895 630 1020 711 sincere,
1037 629 1116 709 quod
1136 646 1155 694 3

74 726 151 779 sest
180 735 271 779 sucus
300 719 468 778 cucumeris
496 715 622 778 silvatici
649 718 822 795 conpositus
844 719 1043 779 iurationem
1067 737 1117 798 pa-

103 806 179 869 stilli
201 814 284 867 aceto
304 804 416 866 dilutus
440 813 470 867 et
492 803 533 872 ita
556 804 722 887 adpositus3
751 807 824 865 item
850 807 983 885 propolis
1008 826 1062 886 per
1085 826 1117 868 se

103 895 228 958 subacta
252 903 283 956 et
304 912 388 955 more
411 893 564 974 emplastri
587 896 715 974 inposita
737 892 900 973 plurimum
922 895 1053 974 prodest.

195 983 278 1045 Facit
300 983 376 1044 bene
399 983 456 1044 hoc
479 983 729 1044 medicamentum
748 984 797 1042 ani
814 984 894 1044 ritiis
912 985 969 1046 sic:
991 984 1157 1049 Resinaet

103 1071 324 1135 terebinthinae
343 1071 369 1132 li
387 1070 434 1154 Vl,
457 1090 543 1134 cerae
565 1072 659 1152 idem3
681 1073 714 1130 in
737 1088 830 1132 unum
852 1071 926 1133 haec
949 1081 1120 1152 coquuntur

64 1169 254 1242 acquantum
286 1168 405 1241 oportet
437 1169 466 1222 et
498 1161 669 1222 adiciuntur
699 1159 747 1220 his
779 1161 891 1238 gagatis
922 1160 1029 1240 lapidis
1055 1164 1120 1223 triti

106 1250 133 1311 X
157 1249 225 1331 11113
252 1249 339 1312 multi
365 1258 396 1311 et
423 1249 508 1310 iridis
537 1256 679 1310 contusae
706 1267 741 1310 ac
768 1251 837 1309 rino
864 1250 972 1310 mixtae
998 1257 1029 1310 et
1051 1249 1120 1311 sub-

106 1349 191 1400 actae
213 1339 351 1400 manibus
374 1337 455 1400 velut
477 1339 588 1399 larinae
611 1337 724 1417 aliquid
746 1337 933 1400 addiderunt.

197 1427 260 1489 Hoc
279 1445 398 1507 quoque
418 1427 666 1488 medicamentum
685 1427 809 1487 mirifice
827 1426 951 1504 prodest
969 1429 1017 1488 ani
1032 1429 1119 1508 vitiis,
1139 1444 1158 1492 5

107 1524 225 1579 constat
249 1535 286 1577 ex
308 1517 368 1577 his:
391 1515 538 1578 hluminis
560 1514 663 1576 Melini
680 1513 706 1575 h
724 1514 761 1596 ΙΙ,
784 1514 950 1577 chalcitidis
973 1515 999 1575 ii
1017 1516 1039 1597 1,
1062 1517 1121 1576 lae·

65 1627 93 1667 15
107 1605 192 1667 culae
221 1604 297 1686 ii13
329 1612 469 1666 teruntur
500 1605 573 1665 haec
604 1606 704 1664 omnia
731 1602 889 1682 diligenter
916 1606 1121 1683 permixtaque

107 1690 276 1774 cum'opus
300 1703 346 1754 est
367 1696 436 1754 vino
460 1702 511 1755 aut
533 1700 617 1755 aceto
636 1691 729 1752 diluta
747 1691 945 1770 adponuntur.
982 1691 1160 1758 Haemorc

106 1784 228 1844 rhoidas
256 1785 299 1844 sic
328 1784 428 1844 curari
461 1788 591 1863 oportet,
623 1782 753 1860 primum
785 1788 820 1840 ut
851 1780 997 1859 prodeant
1028 1788 1121 1862 totae3

109 1872 189 1953 quod
216 1880 251 1933 ut
278 1872 341 1951 liat,
369 1889 442 1932 anus
471 1871 528 1932 hoe
556 1870 771 1932 medicamento
799 1877 1016 1949 perunguetur:
1047 1869 1121 1930 Cen·

108 1962 206 2023 taurei
234 1963 298 2021 suci
321 1959 347 2020 h
369 1959 396 2020 ll
423 1993 461 2004 -
485 1959 559 2020 haec
582 1957 675 2019 herba
698 1957 801 2018 Latine
826 1957 865 2018 lel
888 1965 987 2019 terrae
1012 1958 1122 2019 dicitur

67 2069 94 2110 so
109 2058 140 2111 et
166 2049 278 2129 ubique
306 2050 337 2110 in
365 2051 444 2128 agris
471 2050 617 2129 naseitur3
646 2054 692 2107 est
715 2052 813 2107 autem
836 2049 936 2108 tenuis
958 2047 1122 2109 multorum

109 2156 261 2199 ramorum
288 2139 319 2198 in
347 2145 463 2199 rectum
493 2138 695 2216 surgentium,
726 2134 815 2196 habet
846 2136 950 2197 llorem
982 2139 1122 2217 exiguum

108 2243 296 2307 purpureum
322 2259 360 2270 -
385 2225 517 2287 absinthi
539 2227 605 2286 suci
626 2224 653 2285 li
676 2223 717 2306 11,
744 2224 882 2286 aluminis
910 2224 1016 2306 liquidi
1038 2225 1064 2285 X
1087 2225 1123 2306 11,

109 2318 200 2378 misni
228 2315 253 2375 h
277 2315 303 2397 Ι,
335 2314 444 2376 herbae
474 2313 662 2394 peduclariae
690 2312 764 2394 iil,
792 2313 888 2374 mellis
915 2322 1059 2393 quantum
1087 2315 1124 2375 ad

109 2403 380 2485 conprehendenda
404 2422 437 2464 ea
461 2405 533 2464 satis
556 2405 623 2463 erit.
658 2400 713 2461 liis
734 2410 881 2480 peruncto
904 2420 960 2463 ano
984 2410 1036 2463 aut
1057 2402 1124 2463 lana

68 2497 205 2556 intincta
232 2495 360 2554 interius
387 2500 484 2574 trusa,
516 2509 585 2553 cum
615 2489 766 2551 desederit
795 2491 862 2569 quis
895 2490 932 2550 ad
962 2489 1063 2550 sellam
1093 2499 1125 2551 et

110 2584 267 2664 paruerint
284 2589 363 2642 totae
386 2579 637 2658 haemorrhoides,
662 2596 752 2656 supra
775 2580 887 2657 scripto
908 2578 1124 2640 medicamento
1188 2654 1191 2657 Ι

108 2689 218 2734 rursus
245 2670 322 2731 bene
349 2670 513 2749 tangendae
542 2676 612 2729 sunt
639 2666 787 2746 undique,
818 2668 978 2746 praecipue
1007 2667 1125 2728 radices

109 2779 224 2841 earum,
247 2777 321 2838 quas
343 2757 423 2819 basis
447 2758 559 2838 dicunt,
582 2755 619 2816 de
644 2753 759 2835 specilli
781 2753 937 2816 latitudine
955 2754 1125 2816 inlinendae

110 2857 196 2930 sunt,
224 2847 351 2909 subinde
378 2850 540 2926 inponente
563 2844 680 2905 medico
704 2843 852 2905 cumulate
875 2844 1124 2906 medicamentum

70 2955 97 2996 so
111 2946 142 2999 et
170 2936 339 2998 aderustate
367 2937 560 3016 inprimente‚
592 2933 687 2994 donec
716 2931 793 2992 bene
822 2932 995 3016 conbibant3
1028 2941 1125 2996 totum

110 3027 246 3089 enimin
270 3043 305 3086 eu
329 3033 383 3106 est,
406 3032 440 3085 ut
462 3023 500 3084 ab
524 3023 603 3084 omni
626 3028 711 3101 parte
735 3028 916 3084 saturentur.
952 3022 1007 3084 Est
1025 3032 1125 3085 autem

109 3115 168 3175 hoc
186 3114 434 3175 medicamentum
454 3113 511 3174 sic:
531 3110 702 3185 Chalcitidis
721 3118 805 3171 ustae
824 3109 927 3190 lillll,
946 3113 1024 3172 aeris
1042 3111 1126 3172 doris

110 3205 173 3264 usti
191 3202 218 3262 x
236 3202 299 3284 1111,
322 3203 413 3263 misui
431 3203 491 3263 usti
509 3198 598 3281 lilll,
622 3202 700 3261 aeris
719 3216 858 3278 squamae
878 3198 953 3281 xli,
972 3199 1126 3280 diphrpgis

203 3353 394 3409 ldimidium.
466 3353 700 3408 tcondilematu,
756 3350 952 3419 boonpositis.
1008 3357 1040 3406 12
1059 3351 1125 3407 fari-

109 3445 184 3484 nam.
249 3432 283 3480 22
302 3441 478 3496 purporeum.
537 3429 573 3478 23
590 3422 781 3493 peduclariae.
841 3427 875 3476 24
895 3423 962 3478 erat
1022 3428 1056 3478 26
1074 3439 1128 3493 ap-

109 3498 257 3625 paruerint
276 3497 436 3553 omousius.
522 3500 556 3549 28
575 3494 659 3550 vasis.
751 3491 885 3562 specillis.
977 3499 1011 3548 29
1030 3509 1126 3549 cumu-

122 3572 196 3626 ataa.
269 3574 304 3623 30
322 3567 507 3623 adcrustatae.
580 3571 614 3620 33
633 3563 794 3635 diphryeus.
