2609 4017
594 173 837 240 -314-
1276 90 1280 159 '

155 351 189 400 62
297 336 339 398 lle
369 355 474 399 novem
505 337 669 418 coloribus,
700 339 742 398 ita
769 344 803 398 ut
833 337 876 398 ibi
902 337 1001 399 album
1029 336 1075 398 rel
1100 338 1211 417 nigrum
1278 340 1279 347 ’

209 445 269 488 non
302 429 354 508 sit,
387 427 478 488 facies
510 445 547 487 ex
574 427 700 505 singulis
728 426 843 505 singula
870 426 918 487 hla
945 434 976 487 et
1003 427 1101 486 omnia
1126 430 1157 487 in
1183 445 1211 487 se

207 516 335 577 adunata
363 534 418 577 acu
446 523 586 594 argentea
607 533 664 594 per
687 514 789 576 oculos
812 515 904 592 catuli
926 514 1047 595 novelli,
1074 518 1125 593 qui
1146 534 1212 576 non·

208 605 279 666 dum
308 604 399 684 videt,
427 606 560 684 traicies,
588 606 629 665 ita
657 612 692 665 ut
718 622 774 684 per
801 621 890 665 anum
918 607 983 665 eius
1010 612 1128 686 exeant3
1153 612 1212 665 tum
1279 610 1280 659 l

208 696 272 774 ipsa
300 692 348 753 fila
375 695 407 754 in
435 711 467 753 se
495 702 621 755 connata
644 692 800 773 torquebis
822 702 853 754 et
875 713 930 774 pro
954 693 1073 773 cingulo
1095 694 1232 754 adeone
1280 728 1282 779 l

207 800 265 861 pus
288 781 394 843 mediis
416 782 552 862 partibus
574 784 684 864 uteris3
707 781 839 844 catulum
857 801 927 844 sane
946 785 1045 844 vivum
1064 783 1211 844 confestim
1280 796 1281 877 p

206 874 238 930 in
260 870 372 932 flumen
394 873 532 951 proicies.
1280 880 1281 925 l

154 972 187 1022 53
295 960 340 1020 hd
368 959 467 1021 colum
494 959 659 1021 remedium
682 961 839 1040 physicum
862 961 919 1023 sic:
952 959 1063 1021 Canem
1086 960 1123 1020 de
1145 969 1211 1021 ster·

208 1048 318 1110 culinio
346 1055 397 1110 aut
425 1049 461 1109 de
489 1048 587 1127 aliquo
616 1048 737 1110 sordido
764 1049 829 1111 loco
859 1050 1006 1110 iacentem
1036 1049 1162 1129 expellat
1184 1056 1211 1110 et
1281 1046 1282 1107 l

207 1138 290 1216 luget
313 1140 366 1217 qui
387 1139 518 1218 patietur
540 1136 599 1199 coli
621 1136 740 1199 dolores
760 1147 790 1200 et
808 1141 908 1199 statim
926 1137 987 1200 illic
1005 1140 1128 1220 mingat,
1149 1138 1243 1199 ilicoro
1281 1118 1282 1191 l

206 1226 428 1288 remediabitur.

153 1327 189 1376 54
295 1314 419 1376 lniectio
451 1315 487 1376 ad
516 1313 574 1375 coli
601 1316 869 1394 empneumatosim
896 1316 952 1376 sic:
990 1314 1055 1376 Olei
1088 1315 1214 1377 anethini

207 1436 251 1446 -
269 1403 316 1483 Vl,
339 1402 439 1483 butyri
463 1403 585 1465 exsulati
611 1402 720 1483 -111,
743 1404 829 1464 nardi
852 1402 953 1484 -113
977 1403 1052 1465 haec
1075 1406 1215 1484 permixta

207 1502 237 1554 et
260 1491 354 1553 calida
377 1511 431 1572 per
455 1493 613 1573 clysterem
637 1491 847 1553 infunduntur.
1282 1494 1283 1499 ’

153 1591 187 1642 55
295 1581 340 1643 hd
367 1581 466 1643 colum
494 1581 658 1643 sanandum
683 1581 814 1641 remedia
837 1581 914 1641 inira
937 1581 1049 1661 scripta
1072 1580 1110 1641 de
1133 1580 1245 1642 Prosn

207 1672 295 1733 dochi
322 1671 431 1732 medici
457 1671 598 1732 remediis
626 1669 742 1732 electis:
770 1668 890 1730 Lotium
917 1669 1125 1731 ichneumonis
1151 1688 1215 1731 cum
1283 1690 1284 1725 r

206 1760 281 1821 lacte
308 1778 415 1821 vaccae
443 1761 545 1839 nigrae
568 1757 652 1819 dabis
675 1761 707 1819 in
729 1760 844 1837 impetu
867 1757 924 1818 coli
945 1758 1124 1838 potandum,
1151 1777 1215 1820 con·
1283 1754 1284 1783 ³

153 1860 188 1910 56
208 1851 291 1910 tinuo
311 1848 478 1910 subvenies.
507 1849 632 1909 lnieotio
650 1847 687 1908 ad
707 1846 806 1909 colum
824 1848 881 1908 sic:
905 1845 1133 1926 colocynthidas
1147 1848 1215 1909 duas

207 1945 237 1998 et
264 1946 349 1998 rutae
378 1944 408 1998 et
435 1938 622 2016 faenograeci
649 1942 680 1996 et
707 1935 848 1996 bacarum
875 1935 952 1997 lauri
980 1943 1124 2015 quantum
1147 1939 1214 1997 satis

206 2027 421 2086 existimaveris
443 2027 476 2086 in
495 2044 571 2106 aqua
589 2042 702 2106 coques
720 2024 772 2085 diu
792 2032 822 2085 et
840 2023 931 2086 addes
950 2024 1045 2085 mellis
1063 2043 1171 2104 parum
1187 2033 1244 2086 ets

153 2125 187 2174 57
206 2116 247 2173 ita
266 2114 372 2173 inicies
390 2112 455 2174 colo
474 2113 667 2175 laborantem.
700 2112 765 2174 Olei
782 2115 898 2174 rutacei
916 2113 1073 2192 heminam,
1092 2113 1214 2192 asphalti

205 2201 319 2262 Iudaici
344 2233 382 2244 -
402 2200 465 2282 1111,
489 2204 617 2263 castorei
642 2200 757 2262 —llll
779 2209 881 2263 terens
904 2201 1100 2280 permiscebis
1121 2205 1213 2263 etsie

151 2302 186 2350 58
205 2292 310 2351 inicies
333 2289 468 2351 culicum.
502 2290 560 2352 lllii
583 2298 672 2370 caput
694 2297 854 2370 purgatum
877 2292 981 2351 tritum
999 2290 1140 2354 infundes
1157 2292 1213 2370 pici

205 2378 335 2459 liquidae
358 2387 447 2458 atque
471 2381 512 2441 ita
535 2381 649 2461 inicies,
673 2382 773 2440 statim
797 2378 949 2440 sedabitur
972 2378 1029 2439 coli
1053 2378 1147 2442 dolor.

150 2477 185 2530 59
294 2467 337 2530 lle
363 2471 565 2548 experimento
590 2469 625 2529 ad
650 2467 761 2529 colum:
793 2467 873 2529 Rubi
895 2467 1034 2528 loliorum
1057 2486 1163 2528 sucum
1185 2475 1244 2528 ets

204 2560 342 2638 capparis
365 2577 469 2618 sucum
494 2566 545 2619 aut
567 2556 686 2618 rhamni
707 2565 739 2618 et
760 2554 857 2617 mellis
880 2556 1054 2617 tantundem
1077 2556 1212 2618 miscebis

204 2655 235 2708 et
258 2647 342 2709 dabis
364 2647 485 2726 plenum
508 2665 544 2706 en
568 2663 603 2706 eo
626 2645 760 2707 cocleare
783 2652 835 2706 aut
856 2652 945 2706 nocte
968 2652 1019 2706 aut
1040 2647 1115 2706 satis
1132 2663 1213 2706 mane

205 2736 298 2797 colico
321 2735 492 2816 potandum.

151 2836 186 2884 so
293 2823 417 2885 lniectio
436 2824 472 2884 ad
491 2823 590 2884 colum
610 2824 667 2884 sic:
694 2822 800 2902 Butyri
819 2822 953 2883 cocleare
973 2840 1076 2902 unum,
1099 2823 1212 2884 cedriae

205 2910 338 2972 cocleare
361 2930 468 2992 unum,
492 2914 553 2990 opii
577 2920 686 2990 quanta
709 2913 773 2971 ervi
796 2913 835 2971 sit
856 2911 1038 2993 magnitudo,
1064 2911 1124 2972 olei
1146 2911 1176 2972 P.
1192 2910 1244 2994 l‚st

204 3001 236 3059 in
263 3017 322 3078 quo
350 2999 439 3061 bacae
467 2999 544 3060 lauri
566 2999 617 3059 XV
640 3009 746 3061 tunsae
775 3010 806 3061 et
828 3001 939 3079 cymini
961 3009 1106 3078 qnantum
1128 3018 1213 3061 mann

205 3089 303 3166 capias
327 3107 395 3149 cum
419 3088 576 3167 speciebus
600 3089 834 3168 suprascriptis
861 3089 970 3148 inlusis
998 3097 1029 3149 et
1055 3088 1214 3168 diligentis·

205 3179 279 3238 sime
301 3179 382 3239 tritis
405 3185 586 3257 coquantur;
610 3195 647 3238 ex
670 3196 705 3238 eo
730 3179 782 3256 qui
804 3175 919 3238 laborat
941 3176 1000 3238 coli
1021 3178 1093 3239 ritio
1117 3180 1213 3240 inicis

207 3274 266 3348 tur,
289 3268 329 3327 ita
352 3274 387 3327 ut
409 3268 494 3347 prius
517 3265 642 3326 calidam
666 3284 771 3346 aquam
794 3264 884 3326 bibat.

294 3407 310 3456 5
335 3404 456 3458 connata
477 3400 636 3472 torquebis]
665 3402 887 3470 connststurqne
913 3400 967 3457 bis.
1077 3407 1112 3456 10
1136 3398 1212 3474 {ugit

206 3475 239 3524 12
259 3474 512 3540 empneumetisim.
578 3477 612 3527 14
631 3471 752 3528 clintone.
815 3477 849 3528 aa
870 3471 1098 3545 suprascriptis]
1119 3473 1212 3530 subtis

204 3545 239 3594 34
258 3539 349 3595 calida
367 3558 449 3610 equs.
