2609 4017
471 195 713 260 -161-

92 357 138 417 sed
161 359 267 417 tacitus
291 376 426 418 somnum
450 361 561 438 capiat3
584 360 644 418 cito
668 357 830 440 sanabitur,
853 359 880 418 si
902 359 959 420 hoc
978 358 1025 419 vel
1044 363 1095 421 tri·

91 445 144 504 duo
165 446 279 507 fecerit.
323 445 497 507 blilefolium
519 449 624 508 tritum
648 465 684 506 ex
708 456 792 508 aceto
815 455 919 526 potum
942 449 1149 510 133313311-34

90 532 141 593 bus
157 543 244 614 atque
264 537 353 595 etiam
373 535 525 596 stomacho
541 538 639 614 ruptis
653 544 685 596 et
699 538 872 614 sanguinem
887 537 1095 597 excreantibus

90 622 217 704 prodest;
245 623 383 684 similiter
409 624 533 703 prodest
557 624 792 704 quinquefolium
816 627 922 686 tritum
944 635 1033 705 atque
1057 644 1096 686 ex

66 727 157 789 eaqna
178 713 265 791 potui
288 713 396 774 datum.

169 799 309 880 Quinque
332 819 456 863 ovorum
478 804 666 862 innocuorum
689 801 783 862 vitelli
810 820 878 862 cum
901 805 962 864 vini
985 806 1095 864 veteris
1114 817 1149 866 33

88 898 134 948 aut
157 889 250 950 mulsi
277 889 391 970 cyathis
419 889 517 951 trihus
543 893 685 970 permixti
712 898 743 951 et
768 890 861 951 calide
884 892 1096 970 pertriduum

88 979 145 1053 poti
166 981 373 1040 excreationes
391 987 532 1040 cruentas
550 979 717 1041 emendant.
749 978 849 1040 Nuces
867 981 972 1058 pineae
991 983 1096 1042 inanes
1114 995 1149 1045 33

88 1073 221 1127 contusae
249 1070 282 1128 in
311 1067 398 1129 ollam
425 1070 586 1129 mittuntur
618 1077 650 1128 et
678 1077 751 1147 quot
778 1069 890 1129 fuerint
918 1087 1024 1151 nuces,
1052 1078 1096 1130 tot

56 1169 77 1207 10
88 1153 251 1234 hyoscyami
278 1158 385 1217 unciae
413 1164 444 1216 et
471 1175 564 1236 aquae
592 1159 715 1218 sextarii
745 1156 928 1238 adiciuntur3
955 1157 1028 1218 baec
1059 1158 1095 1220 ad

86 1242 190 1304 medias
213 1244 426 1324 decoquuntur
448 1254 538 1324 atque
561 1245 631 1306 inde
654 1245 691 1306 ad
710 1247 809 1307 tussis¹
822 1246 988 1308 remedium
1007 1249 1096 1307 etiam

86 1330 206 1408 pthisico
234 1333 366 1395 bibenda
394 1336 494 1395 ieiuno
522 1334 645 1394 cottidie
668 1337 764 1415 potio,
792 1337 940 1396 etiamen
965 1337 1046 1416 vino,
1070 1338 1096 1396 si

86 1436 140 1478 non
162 1430 253 1483 erunt
275 1421 390 1503 febres,
415 1423 575 1484 salubriter
599 1422 726 1484 dabitur.
773 1422 805 1484 Si
829 1423 865 1484 de
888 1427 965 1485 tussi
988 1435 1095 1486 stoma·
1115 1439 1148 1487 31

88 1507 171 1568 ehum
193 1513 262 1590 quis
281 1521 334 1572 aut
351 1511 445 1572 latera
462 1511 583 1594 dolebit,
606 1511 716 1572 herbae
735 1515 901 1572 vettonicae
920 1513 1095 1575 fasciculum

56 1610 150 1656 neum
171 1603 235 1661 suis
259 1599 412 1661 radicibus
434 1602 466 1660 in
490 1599 546 1660 olla
568 1619 644 1661 nova
668 1601 814 1680 decoquat
833 1619 901 1661 cum
920 1619 1013 1680 aquae
1032 1601 1096 1660 lixi·

87 1702 133 1744 333
154 1684 185 1747 ὁ*
208 1687 338 1769 duobus,
361 1689 456 1749 donec
479 1688 516 1750 ad
539 1692 643 1749 tertias
666 1695 889 1769 consumantur,
915 1696 1003 1768 atque
1026 1689 1096 1749 inde

88 1772 233 1838 dimidium
259 1778 399 1857 cyathum
421 1777 572 1857 frigidum,
598 1796 667 1838 cum
691 1776 792 1837 dolore
816 1775 982 1858 urgebitur,
1005 1776 1096 1838 bibat.

87 1858 278 1948 vettonicam,
306 1875 457 1948 nepetam,
485 1866 619 1946 puleium
642 1864 759 1946 aequali
781 1883 921 1927 mensura
944 1884 1013 1926 cum
1036 1868 1097 1927 vini
1116 1880 1150 1930 33

89 1947 116 2008 θ
141 1953 256 2016 duobus
286 1963 316 2015 et
344 1954 414 2016 salis
440 1955 548 2035 pusillo
578 1956 614 2015 ad
643 1954 794 2015 heminam
825 1954 975 2035 decoques
1006 1963 1094 2034 atque

55 2039 149 2100 ande
175 2041 324 2105 laboranti
351 2046 428 2104 tussi
460 2054 491 2105 et
517 2043 670 2105 doloribus
703 2043 848 2105 stomachi
880 2043 1002 2124 cyathos
1036 2047 1095 2104 sin·

89 2128 165 2204 gulos
186 2133 302 2212 ieiuno,
325 2142 359 2193 ut
381 2151 435 2212 per
459 2131 594 2193 cocleare
617 2132 758 2212 paulatim
782 2132 936 2214 infundas,
963 2151 1018 2213 per
1041 2135 1094 2193 tri-

88 2217 172 2278 duum
194 2220 290 2284 dabis.

168 2308 200 2369 Si
218 2329 310 2391 quem
327 2311 420 2370 tussis
438 2309 633 2370 intolerabilis
650 2316 746 2391 vexat,
765 2309 801 2370 de
821 2309 885 2388 lupi
897 2311 996 2371 iecore
1011 2310 1094 2370 arido
1113 2325 1148 2373 33

89 2393 129 2452 vel
144 2407 248 2460 exusto
270 2408 413 2478 quantum
429 2397 557 2460 voluerit
574 2406 710 2459 conterat
724 2397 891 2477 adiciatque
906 2400 1017 2478 vinum,
1035 2397 1094 2458 mel

57 2489 117 2541 aet
140 2502 243 2564 aquam
271 2487 401 2566 tepidam
429 2497 517 2567 atque
545 2486 615 2547 iude
642 2486 679 2547 ad
707 2486 786 2546 diem
812 2485 951 2565 cyathum
974 2489 1093 2547 ieiunus

90 2567 174 2654 hibat,
196 2578 275 2637 intra
298 2595 409 2656 paucos
433 2576 497 2637 dies
520 2578 596 2636 mire
618 2574 781 2635 sanabitur.
821 2572 945 2633 Inventa
967 2591 1039 2633 casu
1062 2576 1148 2634 1343

89 2660 130 2718 tia
149 2668 246 2740 portio
270 2664 307 2725 de
335 2665 434 2726 cribro
461 2666 569 2742 impari
596 2680 722 2723 numero
748 2662 927 2722 foraminum
950 2660 1025 2721 eollo
1049 2663 1093 2721 in-

90 2744 169 2825 ligata
190 2756 268 2815 13331
291 2763 322 2814 31
345 2755 474 2832 suspirio
498 2753 629 2814 remedio
653 2761 707 2812 est.

168 2842 212 2902 dd
242 2851 356 2903 tussem
383 2844 506 2902 nimiam
528 2849 560 2902 et
582 2848 713 2902 veterem
738 2838 904 2901 remedium
927 2841 984 2900 sic:
1021 2837 1096 2899 Mar·
1116 2851 1150 2899 41

59 2924 152 2986 arum
177 2933 251 2992 sicci
273 2930 305 2992 P.
324 2930 365 2992 lll
387 2933 419 2992 in
442 2930 530 2991 ollam
554 2948 660 2990 novam
683 2928 804 2989 fictdem
827 2929 929 2989 mittes
951 2935 982 2988 et
1005 2947 1097 3008 aquae

90 3011 217 3080 fontanae
246 3017 387 3080 exvffl
417 3027 447 3080 et
476 3018 626 3098 decoques
653 3018 690 3078 ad
719 3019 836 3098 tertias,
867 3016 974 3078 deinde
1001 3019 1097 3097 ipsam

92 3117 188 3179 aquam
216 3108 328 3169 colabis
356 3117 386 3170 et
413 3110 446 3168 in
475 3108 582 3168 rudem
611 3107 699 3168 ollam
727 3105 851 3167 alteram
878 3108 978 3167 mittes
1009 3115 1098 3186 atque

93 3189 175 3255 addes
196 3197 257 3258 illic
281 3196 377 3258 mellis
400 3199 507 3276 optimi
530 3193 561 3255 ἃ
581 3196 607 3276 l,
635 3197 748 3274 piperis
775 3197 840 3256 triti
863 3196 1045 3256 semunciam
1068 3204 1099 3255 et

94 3278 193 3346 iterum
216 3286 253 3346 ad
275 3288 380 3346 tertias
404 3286 569 3367 decoques,
597 3293 632 3360 ut
658 3286 788 3363 spissum
811 3285 875 3362 fiat3
903 3282 1009 3343 deiude
1033 3281 1097 3342 dili-

159 3493 299 3562 leapeat.
354 3497 388 3546 10
406 3491 573 3560 hyosciami.
625 3496 657 3544 11
678 3488 900 3558 dequoquunhur.
953 3486 1099 3557 11ρί3133.

95 3557 307 3631 143113133333.

142 3657 303 3714 Maaoannus,
317 3671 357 3702 ao.
371 3663 529 3702 Hnumrca.
906 3651 938 3699 11
