2609 4017
483 201 720 266 -165-

95 366 181 427 adice
205 368 236 425 in
260 364 347 426 ollam
371 365 467 424 mellis
490 366 595 444 optimi
617 367 779 426 sextarium
804 375 833 426 et
855 373 958 445 postea
977 365 1110 444 decoque

94 456 132 515 ad
152 454 383 515 crassitudinem
401 453 510 534 mellis3
528 472 564 514 ex
584 473 619 514 eo
640 456 735 515 uteris
750 455 867 516 ieiunus
882 454 1004 516 cottidie
1024 453 1110 534 plena

93 543 188 622 ligula
220 544 256 603 ad
286 545 438 622 sanguinis
466 545 659 604 reiectionem
686 543 845 604 sedandam
879 551 909 604 et
936 543 973 603 ad
1004 551 1110 603 stoma-

95 633 188 693 chum
207 633 451 693 confirmandum.
479 632 625 710 Butyrum
640 631 767 693 nitidum
781 640 812 693 et
826 633 1000 713 tantundem
1014 631 1110 692 mellis
1130 641 1163 690 70

67 740 80 780 a
95 723 204 801 optimi
218 722 384 800 despumati
401 723 531 804 coquito,
547 721 641 782 donec
657 721 738 790 color
751 721 837 782 rufus
852 724 899 802 sit,
915 729 944 782 et
958 723 989 782 in
1003 720 1110 800 pyxide

95 828 206 871 cornea
234 810 362 870 reconde
390 817 479 889 atque
506 810 576 870 inde
599 829 685 870 mane
708 812 809 871 ieiuno
833 810 949 890 singula
972 810 1108 872 cocliaria

95 900 175 980 dato,
199 901 251 979 qui
274 899 422 978 pulmonis
446 899 607 960 exulcerati
630 901 701 960 vitio
725 900 849 960 fetidum
873 899 933 960 7177
953 899 999 960 771
1017 917 1109 978 puru-

94 988 212 1048 lentum
236 996 266 1048 et
288 989 412 1048 fetidum
436 995 565 1049 excreat.
599 990 751 1067 Axungiae
776 988 878 1049 suillae
902 995 1035 1049 vetustae
1054 1006 1108 1048 un·
1130 997 1163 1045 71

94 1080 159 1138 7177
189 1085 251 1137 7777
279 1096 315 1136 ex
343 1079 403 1136 vini
430 1079 624 1138 vetustissimi
652 1078 747 1157 cotyla
776 1096 834 1138 una
863 1077 1002 1138 decoctae
1027 1079 1110 1156 potui

54 1167 235 1245 1opthisicis
259 1165 343 1226 datae
366 1173 503 1245 potenter
528 1167 737 1228 remediantur.
774 1166 882 1228 Auathi
906 1168 979 1227 sicci
1001 1168 1163 1226 7777771777

93 1255 250 1334 pulverem
279 1262 309 1315 et
336 1257 451 1315 resinae
478 1257 610 1333 pituinae
633 1255 786 1335 pulverem
810 1274 878 1316 cum
902 1255 987 1334 adipe
1011 1262 1111 1315 vetere

94 1345 237 1404 anserino
261 1351 312 1404 aut
335 1343 495 1422 gallinaceo
515 1343 663 1404 edendum
685 1362 770 1405 mane
789 1346 888 1406 ieiuno
909 1345 1042 1423 empyico
1062 1362 1109 1404 oo-

94 1433 199 1493 cliaria
227 1435 283 1493 tria
312 1442 343 1493 77
370 1451 494 1511 vespere
521 1433 695 1494 tantundem
720 1433 816 1514 dabis,
842 1435 917 1494 mire
942 1432 1108 1494 subvenies.

93 1522 138 1582 Ad
170 1539 236 1602 eos,
264 1523 314 1600 qui
343 1523 517 1600 sanguinem
545 1532 699 1602 excreant,
727 1523 892 1582 remedium
921 1522 1025 1581 ellicax
1054 1524 1110 1582 sic:
1130 1527 1163 1577 73

54 1627 79 1668 u
93 1611 188 1671 Turis
217 1609 342 1671 masculi
368 1611 525 1689 diiigenter
553 1613 617 1672 triti
644 1607 789 1692 (177711,
818 1612 995 1671 ammoniaci
1022 1628 1111 1671 uuam

93 1718 167 1760 cum
190 1701 268 1760 aceti
289 1699 407 1759 hemina
432 1699 521 1760 simul
543 1699 791 1780 contemperabis,
814 1701 856 1759 ita
874 1707 909 1759 ut
927 1696 990 1758 bibi
1008 1699 1111 1779 possit,

93 1798 126 1848 et
150 1787 298 1849 laboranti
319 1790 420 1848 ieiuno
444 1790 627 1868 aemoptyico
651 1788 744 1849 dabis,

187 1877 298 1956 Siquis
312 1877 505 1956 purulentum
520 1879 619 1958 tussit,
633 1896 721 1938 ovum
737 1876 864 1938 crudum
879 1894 946 1937 cum
956 1877 1021 1956 pari
1030 1894 1110 1936 men·
1131 1883 1165 1932 74

95 1984 167 2031 sura
193 1968 257 2027 suci
281 1966 318 2026 de
340 1984 431 2046 porro
455 1968 567 2026 sectivo
591 1969 725 2045 expressi
749 1965 984 2045 tantundemque
1008 1967 1112 2045 optimi

53 2055 194 2115 nmettis
217 2056 357 2132 permixti
381 2053 555 2115 calefactum
578 2056 697 2117 ieiunus
721 2053 849 2116 sorbeat.
884 2055 928 2115 Ad
951 2057 1111 2117 excreatio·
1132 2059 1164 2110 77

92 2162 165 2204 nem
189 2151 344 2204 cruentam
367 2143 532 2204 remedium
556 2145 613 2205 sic:
636 2142 759 2207 Cocleae
781 2143 905 2204 elixatae
924 2152 1063 2206 teruntur
1083 2153 1112 2204 et

93 2251 130 2292 ex
156 2251 234 2310 aqua
253 2232 346 2293 calida
366 2232 401 2292 ab
421 2233 522 2292 ieiuno
542 2231 686 2294 bibuntur
705 2251 821 2294 necnon
841 2232 876 2293 ad
896 2233 975 2293 idem
994 2233 1112 2294 cocleae

93 2321 206 2381 inlotae
230 2340 266 2381 ex
290 2339 366 2400 aqua
383 2323 498 2381 marina
517 2330 688 2401 coquuntur
708 2331 738 2384 et
756 2323 945 2382 devorantur.
978 2320 1111 2384 Tussiois
1131 2329 1165 2378 77

93 2419 126 2471 77
149 2410 295 2488 empyicis
317 2409 441 2489 prodest
463 2428 547 2490 aqua,
570 2413 601 2471 in
621 2429 679 2490 qua
698 2411 829 2490 cydonea
852 2410 928 2470 mala
947 2419 1030 2472 cocta
1049 2412 1111 2471 177-

52 2514 78 2555 77
92 2501 166 2578 7177,
186 2498 309 2559 adsidue
327 2500 496 2579 propinata,
515 2501 578 2578 ipsa
597 2502 687 2560 etiam
707 2502 733 2560 si
751 2501 867 2559 incocta
885 2499 1112 2578 manducentur,

93 2590 206 2648 iuvant.
244 2587 389 2666 Siongeae
412 2587 567 2648 Africanae
592 2595 713 2649 exustae
741 2589 817 2648 ciuis
841 2605 909 2647 cum
933 2604 1005 2646 suco
1028 2588 1112 2664 porri
1132 2594 1164 2643 77

93 2678 202 2737 sectivi
224 2676 349 2736 haustus
372 2677 523 2755 empyicos
546 2686 639 2738 sanat.
684 2675 789 2736 Ralaui
812 2677 890 2735 cocti
914 2674 980 2734 cibo
1000 2676 1164 2752 sumptim

94 2763 340 2844 sanguinulentus
373 2766 576 2826 excreationes
609 2765 748 2826 celeriter
780 2763 946 2825 emendant.
997 2763 1111 2824 Gumen
1131 2770 1164 2820 79

94 2856 242 2932 optimum
265 2855 296 2913 in
320 2871 373 2913 777
396 2852 527 2914 solutum
555 2862 586 2915 et
613 2854 804 2933 degluttitum
830 2871 945 2914 summo
970 2853 1112 2934 empyicis

53 2958 80 2997 77
94 2942 230 3003 remedio
253 2950 308 3003 777.
344 2940 509 3023 Rubornm,
532 2945 562 3002 in
587 2942 695 3021 quibus
719 2961 801 3003 mora
825 2950 998 3024 nascuntur,
1021 2941 1110 3004 cauli·
1130 2949 1164 3000 80

95 3031 157 3092 culi
185 3032 283 3091 teneri
309 3031 491 3112 tunduntur3
520 3049 555 3091 ex
585 3031 633 3092 his
663 3050 755 3093 sucus
783 3033 973 3112 exprimitur,
1001 3034 1053 3112 qui
1080 3034 1110 3092 in

95 3120 160 3179 sole
178 3119 213 3179 ad
234 3119 463 3180 crassitudinem
481 3118 578 3180 mellis
597 3122 744 3199 spissatur
763 3123 904 3200 agitatus:
922 3121 972 3182 hic
985 3116 1111 3182 haustus

95 3207 355 3286 sanguinulentam
379 3210 597 3268 excreationem
621 3210 826 3270 efficacissime
852 3209 953 3271 cludit.
995 3208 1110 3269 Eorun-

94 3296 163 3357 dem
195 3294 339 3356 ruborum
370 3296 508 3357 cauliculi
540 3299 638 3358 teneri
670 3316 705 3359 ex
737 3300 806 3359 vino
836 3306 956 3359 austero
986 3296 1111 3357 discocti

168 3428 305 3501 2717717]
324 3431 437 3486 ueteris.
523 3431 659 3488 3177717.
746 3439 779 3488 10
797 3431 935 3503 iphisicis.
1022 3448 1109 3488 reme·

94 3501 221 3572 dionius]
240 3501 426 3557 remediatnm
445 3503 496 3559 esi.
581 3508 612 3557 17
632 3503 800 3574 emoptoico.
887 3508 922 3558 20
939 3501 1109 3572 permixtum

96 3573 259 3628 0777777777.
331 3578 365 3627 22
386 3573 435 3645 ab]
454 3574 499 3628 ad.
