<?xml version="1.0" encoding="UTF-8"?>
<!DOCTYPE html PUBLIC "-//W3C//DTD XHTML 1.0 Transitional//EN"
    "http://www.w3.org/TR/xhtml1/DTD/xhtml1-transitional.dtd">
<html xmlns="http://www.w3.org/1999/xhtml" xml:lang="en" lang="en">
 <head>
  <title>
</title>
<meta http-equiv="Content-Type" content="text/html;charset=utf-8" />
  <meta name='ocr-system' content='tesseract 3.04.00' />
  <meta name='ocr-capabilities' content='ocr_page ocr_carea ocr_par ocr_line ocrx_word'/>
</head>
<body>
  <div class='ocr_page' id='page_1' title='image "./marcellidemedic03helmgoog_0123.png"; bbox 0 0 2609 4017; ppageno 0'>
   <div class='ocr_carea' id='block_1_1' title="bbox 490 189 731 252">
    <p class='ocr_par' dir='ltr' id='par_1_1' title="bbox 490 189 731 252">
     <span class='ocr_line' id='line_1_1' title="bbox 490 189 731 252; baseline 0 -1"><span class='ocrx_word' id='word_1_1' title='bbox 490 189 731 252; x_wconf 88' lang='lat'>-111-</span> 
     </span>
    </p>
   </div>
   <div class='ocr_carea' id='block_1_2' title="bbox 54 349 1172 3452">
    <p class='ocr_par' dir='ltr' id='par_1_2' title="bbox 98 349 1172 698">
     <span class='ocr_line' id='line_1_2' title="bbox 98 349 1170 414; baseline 0.004 -4"><span class='ocrx_word' id='word_1_2' title='bbox 98 349 265 410; x_wconf 84' lang='lat' dir='ltr'><strong>liuentibus</strong></span> <span class='ocrx_word' id='word_1_3' title='bbox 288 349 463 411; x_wconf 89' lang='lat' dir='ltr'><strong>mirabiliter</strong></span> <span class='ocrx_word' id='word_1_4' title='bbox 486 351 630 411; x_wconf 90' lang='lat' dir='ltr'><strong>medetur.</strong></span> <span class='ocrx_word' id='word_1_5' title='bbox 678 350 800 412; x_wconf 83' lang='lat' dir='ltr'><strong>Costum</strong></span> <span class='ocrx_word' id='word_1_6' title='bbox 825 361 984 412; x_wconf 89' lang='lat' dir='ltr'><strong>contusum</strong></span> <span class='ocrx_word' id='word_1_7' title='bbox 1008 360 1038 413; x_wconf 90' lang='lat' dir='ltr'><strong>et</strong></span> <span class='ocrx_word' id='word_1_8' title='bbox 1061 355 1117 412; x_wconf 94' lang='lat' dir='ltr'><strong>cri·</strong></span> <span class='ocrx_word' id='word_1_9' title='bbox 1136 366 1170 414; x_wconf 88' lang='lat'><strong>41</strong></span> 
     </span>
     <span class='ocr_line' id='line_1_3' title="bbox 99 433 1118 518; baseline 0.003 -19"><span class='ocrx_word' id='word_1_10' title='bbox 99 439 220 499; x_wconf 84' lang='lat' dir='ltr'><strong>bratum</strong></span> <span class='ocrx_word' id='word_1_11' title='bbox 253 439 378 500; x_wconf 78' lang='lat' dir='ltr'>mribus</span> <span class='ocrx_word' id='word_1_12' title='bbox 409 439 547 500; x_wconf 81' lang='lat' dir='ltr'><strong>intricato</strong></span> <span class='ocrx_word' id='word_1_13' title='bbox 579 447 610 499; x_wconf 88' lang='lat' dir='ltr'><strong>et</strong></span> <span class='ocrx_word' id='word_1_14' title='bbox 635 433 816 518; x_wconf 85' lang='lat' dir='ltr'><strong>profluvium</strong></span> <span class='ocrx_word' id='word_1_15' title='bbox 846 443 933 500; x_wconf 88' lang='lat' dir='ltr'><strong>sistet</strong></span> <span class='ocrx_word' id='word_1_16' title='bbox 960 448 991 500; x_wconf 91' lang='lat' dir='ltr'><strong>et</strong></span> <span class='ocrx_word' id='word_1_17' title='bbox 1018 440 1118 502; x_wconf 88' lang='lat' dir='ltr'><strong>ulcera</strong></span> 
     </span>
     <span class='ocr_line' id='line_1_4' title="bbox 99 526 1172 609; baseline 0.004 -21"><span class='ocrx_word' id='word_1_18' title='bbox 99 526 228 588; x_wconf 85' lang='lat' dir='ltr'><strong>sanabit.</strong></span> <span class='ocrx_word' id='word_1_19' title='bbox 274 529 372 589; x_wconf 81' lang='lat' dir='ltr'>Ranae</span> <span class='ocrx_word' id='word_1_20' title='bbox 400 527 523 588; x_wconf 76' lang='lat' dir='ltr'>rubetae</span> <span class='ocrx_word' id='word_1_21' title='bbox 550 531 667 588; x_wconf 90' lang='lat' dir='ltr'><strong>occisae</strong></span> <span class='ocrx_word' id='word_1_22' title='bbox 694 531 726 589; x_wconf 94' lang='lat' dir='ltr'><strong>iu</strong></span> <span class='ocrx_word' id='word_1_23' title='bbox 754 529 835 589; x_wconf 81' lang='lat' dir='ltr'><strong>fumo</strong></span> <span class='ocrx_word' id='word_1_24' title='bbox 859 529 1005 589; x_wconf 76' lang='lat' dir='ltr'><strong>arefactae</strong></span> <span class='ocrx_word' id='word_1_25' title='bbox 1028 532 1118 609; x_wconf 92' lang='lat' dir='ltr'><strong>parti·</strong></span> <span class='ocrx_word' id='word_1_26' title='bbox 1137 542 1172 592; x_wconf 78' lang='lat'><strong>42</strong></span> 
     </span>
     <span class='ocr_line' id='line_1_5' title="bbox 100 616 1117 698; baseline 0 -20"><span class='ocrx_word' id='word_1_27' title='bbox 100 616 178 696; x_wconf 83' lang='lat' dir='ltr'><strong>cula,</strong></span> <span class='ocrx_word' id='word_1_28' title='bbox 196 625 309 695; x_wconf 86' lang='lat' dir='ltr'><strong>quanta</strong></span> <span class='ocrx_word' id='word_1_29' title='bbox 327 616 485 698; x_wconf 87' lang='lat' dir='ltr'><strong>ridebitur,</strong></span> <span class='ocrx_word' id='word_1_30' title='bbox 509 620 541 677; x_wconf 92' lang='lat' dir='ltr'><strong>in</strong></span> <span class='ocrx_word' id='word_1_31' title='bbox 559 617 681 678; x_wconf 90' lang='lat' dir='ltr'><strong>linteolo</strong></span> <span class='ocrx_word' id='word_1_32' title='bbox 700 618 830 678; x_wconf 75' lang='lat' dir='ltr'><strong>inuoluta</strong></span> <span class='ocrx_word' id='word_1_33' title='bbox 850 627 880 678; x_wconf 95' lang='lat' dir='ltr'><strong>et</strong></span> <span class='ocrx_word' id='word_1_34' title='bbox 898 636 934 678; x_wconf 83' lang='grc'><strong>44</strong></span> <span class='ocrx_word' id='word_1_35' title='bbox 955 618 1022 678; x_wconf 89' lang='lat' dir='ltr'><strong>licio</strong></span> <span class='ocrx_word' id='word_1_36' title='bbox 1042 618 1117 679; x_wconf 92' lang='lat' dir='ltr'><strong>collo</strong></span> 
     </span>
    </p>

    <p class='ocr_par' dir='ltr' id='par_1_3' title="bbox 67 706 1171 1141">
     <span class='ocr_line' id='line_1_6' title="bbox 67 706 1170 786; baseline 0.006 -24"><span class='ocrx_word' id='word_1_37' title='bbox 67 722 248 785; x_wconf 80' lang='lat' dir='ltr'><strong>csuspeusa</strong></span> <span class='ocrx_word' id='word_1_38' title='bbox 271 708 345 786; x_wconf 87' lang='lat' dir='ltr'><strong>eius,</strong></span> <span class='ocrx_word' id='word_1_39' title='bbox 368 709 417 767; x_wconf 91' lang='lat' dir='ltr'><strong>cui</strong></span> <span class='ocrx_word' id='word_1_40' title='bbox 440 724 528 767; x_wconf 88' lang='lat' dir='ltr'><strong>nares</strong></span> <span class='ocrx_word' id='word_1_41' title='bbox 551 706 657 784; x_wconf 77' lang='lat' dir='ltr'><strong>liniunt,</strong></span> <span class='ocrx_word' id='word_1_42' title='bbox 682 708 755 766; x_wconf 88' lang='lat' dir='ltr'><strong>mire</strong></span> <span class='ocrx_word' id='word_1_43' title='bbox 778 707 909 785; x_wconf 89' lang='lat' dir='ltr'><strong>prodest.</strong></span> <span class='ocrx_word' id='word_1_44' title='bbox 945 707 1052 768; x_wconf 87' lang='lat' dir='ltr'><strong>Linum</strong></span> <span class='ocrx_word' id='word_1_45' title='bbox 1072 708 1117 768; x_wconf 89' lang='lat' dir='ltr'><strong>rel</strong></span> <span class='ocrx_word' id='word_1_46' title='bbox 1135 720 1170 770; x_wconf 83' lang='lat'><strong>43</strong></span> 
     </span>
     <span class='ocr_line' id='line_1_7' title="bbox 99 793 1116 876; baseline 0.003 -22"><span class='ocrx_word' id='word_1_47' title='bbox 99 813 233 874; x_wconf 75' lang='lat' dir='ltr'><strong>papyrus</strong></span> <span class='ocrx_word' id='word_1_48' title='bbox 261 793 349 874; x_wconf 89' lang='lat' dir='ltr'><strong>ligata</strong></span> <span class='ocrx_word' id='word_1_49' title='bbox 376 797 540 855; x_wconf 77' lang='lat' dir='ltr'><strong>summitati</strong></span> <span class='ocrx_word' id='word_1_50' title='bbox 573 797 685 855; x_wconf 85' lang='lat' dir='ltr'><strong>veretri</strong></span> <span class='ocrx_word' id='word_1_51' title='bbox 717 795 809 855; x_wconf 88' lang='lat' dir='ltr'><strong>virilis</strong></span> <span class='ocrx_word' id='word_1_52' title='bbox 842 799 1016 875; x_wconf 88' lang='lat' dir='ltr'><strong>sauguinem</strong></span> <span class='ocrx_word' id='word_1_53' title='bbox 1049 815 1116 876; x_wconf 92' lang='lat' dir='ltr'><strong>pro-</strong></span> 
     </span>
     <span class='ocr_line' id='line_1_8' title="bbox 99 883 1171 963; baseline 0.005 -20"><span class='ocrx_word' id='word_1_54' title='bbox 99 884 245 944; x_wconf 87' lang='lat' dir='ltr'><strong>fluentem</strong></span> <span class='ocrx_word' id='word_1_55' title='bbox 268 883 391 944; x_wconf 91' lang='lat' dir='ltr'><strong>naribus</strong></span> <span class='ocrx_word' id='word_1_56' title='bbox 413 886 488 944; x_wconf 90' lang='lat' dir='ltr'><strong>mire</strong></span> <span class='ocrx_word' id='word_1_57' title='bbox 512 886 657 963; x_wconf 81' lang='lat' dir='ltr'><strong>reprimit</strong></span> <span class='ocrx_word' id='word_1_58' title='bbox 692 883 750 944; x_wconf 90' lang='lat' dir='ltr'><strong>Pili</strong></span> <span class='ocrx_word' id='word_1_59' title='bbox 768 886 882 963; x_wconf 86' lang='lat' dir='ltr'><strong>caprini</strong></span> <span class='ocrx_word' id='word_1_60' title='bbox 906 885 1045 946; x_wconf 82' lang='lat' dir='ltr'><strong>conbusti</strong></span> <span class='ocrx_word' id='word_1_61' title='bbox 1068 887 1117 947; x_wconf 89' lang='lat' dir='ltr'><strong>ad·</strong></span> <span class='ocrx_word' id='word_1_62' title='bbox 1136 899 1171 948; x_wconf 91' lang='lat'><strong>44</strong></span> 
     </span>
     <span class='ocr_line' id='line_1_9' title="bbox 99 972 1116 1052; baseline 0.002 -19"><span class='ocrx_word' id='word_1_63' title='bbox 99 975 178 1033; x_wconf 90' lang='lat' dir='ltr'><strong>ieota</strong></span> <span class='ocrx_word' id='word_1_64' title='bbox 202 975 269 1052; x_wconf 89' lang='lat' dir='ltr'><strong>pice</strong></span> <span class='ocrx_word' id='word_1_65' title='bbox 293 980 324 1032; x_wconf 89' lang='lat' dir='ltr'><strong>et</strong></span> <span class='ocrx_word' id='word_1_66' title='bbox 346 980 429 1032; x_wconf 89' lang='lat' dir='ltr'><strong>aceto</strong></span> <span class='ocrx_word' id='word_1_67' title='bbox 452 974 558 1033; x_wconf 89' lang='lat' dir='ltr'><strong>inserti</strong></span> <span class='ocrx_word' id='word_1_68' title='bbox 581 972 705 1033; x_wconf 90' lang='lat' dir='ltr'><strong>naribus</strong></span> <span class='ocrx_word' id='word_1_69' title='bbox 726 975 785 1033; x_wconf 93' lang='lat' dir='ltr'><strong>cito</strong></span> <span class='ocrx_word' id='word_1_70' title='bbox 804 975 978 1051; x_wconf 90' lang='lat' dir='ltr'><strong>sanguinem</strong></span> <span class='ocrx_word' id='word_1_71' title='bbox 998 976 1116 1038; x_wconf 91' lang='lat' dir='ltr'><strong>sistunt.</strong></span> 
     </span>
     <span class='ocr_line' id='line_1_10' title="bbox 97 1060 1170 1141; baseline 0.003 -19"><span class='ocrx_word' id='word_1_72' title='bbox 97 1061 181 1122; x_wconf 90' lang='lat' dir='ltr'><strong>Lana</strong></span> <span class='ocrx_word' id='word_1_73' title='bbox 206 1060 309 1122; x_wconf 89' lang='lat' dir='ltr'><strong>sucida</strong></span> <span class='ocrx_word' id='word_1_74' title='bbox 332 1081 366 1122; x_wconf 87' lang='grc'><strong>44</strong></span> <span class='ocrx_word' id='word_1_75' title='bbox 390 1079 445 1121; x_wconf 88' lang='lat' dir='ltr'><strong>ove</strong></span> <span class='ocrx_word' id='word_1_76' title='bbox 468 1062 577 1122; x_wconf 79' lang='lat' dir='ltr'><strong>semina</strong></span> <span class='ocrx_word' id='word_1_77' title='bbox 600 1061 740 1139; x_wconf 90' lang='lat' dir='ltr'><strong>decerpta</strong></span> <span class='ocrx_word' id='word_1_78' title='bbox 764 1071 852 1141; x_wconf 90' lang='lat' dir='ltr'><strong>atque</strong></span> <span class='ocrx_word' id='word_1_79' title='bbox 880 1064 989 1123; x_wconf 90' lang='lat' dir='ltr'><strong>intorta</strong></span> <span class='ocrx_word' id='word_1_80' title='bbox 1020 1064 1117 1124; x_wconf 89' lang='lat' dir='ltr'><strong>made·</strong></span> <span class='ocrx_word' id='word_1_81' title='bbox 1136 1076 1170 1126; x_wconf 92' lang='grc'><strong>45</strong></span> 
     </span>
    </p>

    <p class='ocr_par' dir='ltr' id='par_1_4' title="bbox 54 1150 1171 1586">
     <span class='ocr_line' id='line_1_11' title="bbox 54 1150 1118 1230; baseline 0.004 -22"><span class='ocrx_word' id='word_1_82' title='bbox 54 1168 83 1208; x_wconf 90' lang='lat' dir='ltr'><strong>1o</strong></span> <span class='ocrx_word' id='word_1_83' title='bbox 97 1151 239 1229; x_wconf 83' lang='lat' dir='ltr'><strong>iactaque</strong></span> <span class='ocrx_word' id='word_1_84' title='bbox 262 1169 330 1210; x_wconf 90' lang='lat' dir='ltr'><strong>rosa</strong></span> <span class='ocrx_word' id='word_1_85' title='bbox 352 1150 464 1229; x_wconf 90' lang='lat' dir='ltr'><strong>liquida</strong></span> <span class='ocrx_word' id='word_1_86' title='bbox 487 1159 517 1211; x_wconf 90' lang='lat' dir='ltr'><strong>et</strong></span> <span class='ocrx_word' id='word_1_87' title='bbox 541 1150 663 1211; x_wconf 91' lang='lat' dir='ltr'><strong>naribus</strong></span> <span class='ocrx_word' id='word_1_88' title='bbox 684 1150 776 1211; x_wconf 89' lang='lat' dir='ltr'><strong>indita</strong></span> <span class='ocrx_word' id='word_1_89' title='bbox 796 1153 949 1230; x_wconf 89' lang='lat' dir='ltr'><strong>sauguinis</strong></span> <span class='ocrx_word' id='word_1_90' title='bbox 968 1151 1118 1212; x_wconf 92' lang='lat' dir='ltr'><strong>abundan-</strong></span> 
     </span>
     <span class='ocr_line' id='line_1_12' title="bbox 97 1238 1171 1318; baseline 0.004 -19"><span class='ocrx_word' id='word_1_91' title='bbox 97 1242 173 1300; x_wconf 85' lang='lat' dir='ltr'><strong>tiam</strong></span> <span class='ocrx_word' id='word_1_92' title='bbox 197 1242 343 1318; x_wconf 88' lang='lat' dir='ltr'><strong>reprimit.</strong></span> <span class='ocrx_word' id='word_1_93' title='bbox 388 1238 511 1300; x_wconf 75' lang='lat' dir='ltr'><strong>cocleae</strong></span> <span class='ocrx_word' id='word_1_94' title='bbox 538 1242 626 1300; x_wconf 90' lang='lat' dir='ltr'><strong>tritae</strong></span> <span class='ocrx_word' id='word_1_95' title='bbox 649 1258 719 1300; x_wconf 91' lang='lat' dir='ltr'><strong>cum</strong></span> <span class='ocrx_word' id='word_1_96' title='bbox 742 1249 826 1301; x_wconf 91' lang='lat' dir='ltr'><strong>aceto</strong></span> <span class='ocrx_word' id='word_1_97' title='bbox 856 1240 979 1301; x_wconf 89' lang='lat' dir='ltr'><strong>naribus</strong></span> <span class='ocrx_word' id='word_1_98' title='bbox 1006 1241 1117 1302; x_wconf 89' lang='lat' dir='ltr'><strong>inditae</strong></span> <span class='ocrx_word' id='word_1_99' title='bbox 1136 1254 1171 1304; x_wconf 84' lang='grc'><strong>45</strong></span> 
     </span>
     <span class='ocr_line' id='line_1_13' title="bbox 97 1328 1170 1408; baseline 0.003 -20"><span class='ocrx_word' id='word_1_100' title='bbox 97 1331 238 1408; x_wconf 87' lang='lat' dir='ltr'><strong>quamvis</strong></span> <span class='ocrx_word' id='word_1_101' title='bbox 261 1347 382 1407; x_wconf 90' lang='lat' dir='ltr'><strong>maguus</strong></span> <span class='ocrx_word' id='word_1_102' title='bbox 399 1328 510 1389; x_wconf 88' lang='lat' dir='ltr'><strong>fluores</strong></span> <span class='ocrx_word' id='word_1_103' title='bbox 529 1330 682 1407; x_wconf 89' lang='lat' dir='ltr'><strong>sauguinis</strong></span> <span class='ocrx_word' id='word_1_104' title='bbox 701 1337 902 1408; x_wconf 89' lang='lat' dir='ltr'><strong>compescunt.</strong></span> <span class='ocrx_word' id='word_1_105' title='bbox 937 1329 969 1390; x_wconf 88' lang='lat' dir='ltr'><strong>Si</strong></span> <span class='ocrx_word' id='word_1_106' title='bbox 988 1331 1114 1391; x_wconf 84' lang='lat' dir='ltr'><strong>feminae</strong></span> <span class='ocrx_word' id='word_1_107' title='bbox 1136 1343 1170 1392; x_wconf 84' lang='lat' dir='ltr'><strong>4t</strong></span> 
     </span>
     <span class='ocr_line' id='line_1_14' title="bbox 97 1417 1116 1498; baseline 0.001 -20"><span class='ocrx_word' id='word_1_108' title='bbox 97 1420 224 1497; x_wconf 85' lang='lat' dir='ltr'><strong>sanguis</strong></span> <span class='ocrx_word' id='word_1_109' title='bbox 247 1436 283 1478; x_wconf 87' lang='lat' dir='ltr'><strong>ex</strong></span> <span class='ocrx_word' id='word_1_110' title='bbox 306 1417 429 1478; x_wconf 88' lang='lat' dir='ltr'><strong>naribus</strong></span> <span class='ocrx_word' id='word_1_111' title='bbox 453 1419 542 1478; x_wconf 90' lang='lat' dir='ltr'><strong>nimie</strong></span> <span class='ocrx_word' id='word_1_112' title='bbox 562 1417 680 1498; x_wconf 87' lang='lat' dir='ltr'><strong>delluat,</strong></span> <span class='ocrx_word' id='word_1_113' title='bbox 702 1417 879 1478; x_wconf 85' lang='lat' dir='ltr'><strong>mammillae</strong></span> <span class='ocrx_word' id='word_1_114' title='bbox 899 1420 964 1480; x_wconf 89' lang='lat' dir='ltr'><strong>eius</strong></span> <span class='ocrx_word' id='word_1_115' title='bbox 983 1421 1116 1480; x_wconf 80' lang='lat' dir='ltr'><strong>vincian-</strong></span> 
     </span>
     <span class='ocr_line' id='line_1_15' title="bbox 97 1505 1170 1586; baseline 0.003 -20"><span class='ocrx_word' id='word_1_116' title='bbox 97 1516 151 1567; x_wconf 87' lang='lat' dir='ltr'><strong>tur</strong></span> <span class='ocrx_word' id='word_1_117' title='bbox 170 1509 300 1585; x_wconf 89' lang='lat' dir='ltr'><strong>corrigio</strong></span> <span class='ocrx_word' id='word_1_118' title='bbox 319 1508 449 1586; x_wconf 88' lang='lat' dir='ltr'><strong>caprino.</strong></span> <span class='ocrx_word' id='word_1_119' title='bbox 485 1505 566 1566; x_wconf 90' lang='lat' dir='ltr'><strong>Pilos</strong></span> <span class='ocrx_word' id='word_1_120' title='bbox 584 1506 640 1568; x_wconf 89' lang='lat' dir='ltr'><strong>sub</strong></span> <span class='ocrx_word' id='word_1_121' title='bbox 659 1514 762 1567; x_wconf 87' lang='lat' dir='ltr'><strong>ventre</strong></span> <span class='ocrx_word' id='word_1_122' title='bbox 783 1509 846 1566; x_wconf 90' lang='lat' dir='ltr'><strong>vivo</strong></span> <span class='ocrx_word' id='word_1_123' title='bbox 865 1506 960 1586; x_wconf 90' lang='lat' dir='ltr'><strong>lepori</strong></span> <span class='ocrx_word' id='word_1_124' title='bbox 976 1508 1116 1568; x_wconf 93' lang='lat' dir='ltr'><strong>candidos</strong></span> <span class='ocrx_word' id='word_1_125' title='bbox 1135 1520 1170 1570; x_wconf 85' lang='lat'><strong>48</strong></span> 
     </span>
    </p>

    <p class='ocr_par' dir='ltr' id='par_1_5' title="bbox 55 1595 1170 2031">
     <span class='ocr_line' id='line_1_16' title="bbox 55 1595 1117 1675; baseline 0.005 -24"><span class='ocrx_word' id='word_1_126' title='bbox 55 1612 83 1652; x_wconf 80' lang='lat'><strong>1⁶</strong></span> <span class='ocrx_word' id='word_1_127' title='bbox 97 1595 193 1656; x_wconf 84' lang='lat' dir='ltr'><strong>velles</strong></span> <span class='ocrx_word' id='word_1_128' title='bbox 220 1602 251 1655; x_wconf 90' lang='lat' dir='ltr'><strong>et</strong></span> <span class='ocrx_word' id='word_1_129' title='bbox 274 1595 405 1656; x_wconf 89' lang='lat' dir='ltr'><strong>servabis</strong></span> <span class='ocrx_word' id='word_1_130' title='bbox 428 1603 458 1655; x_wconf 90' lang='lat' dir='ltr'><strong>et</strong></span> <span class='ocrx_word' id='word_1_131' title='bbox 481 1613 549 1655; x_wconf 91' lang='lat' dir='ltr'><strong>cum</strong></span> <span class='ocrx_word' id='word_1_132' title='bbox 577 1613 649 1655; x_wconf 91' lang='lat' dir='ltr'><strong>usus</strong></span> <span class='ocrx_word' id='word_1_133' title='bbox 672 1598 820 1675; x_wconf 80' lang='lat' dir='ltr'><strong>exegerit,</strong></span> <span class='ocrx_word' id='word_1_134' title='bbox 843 1598 971 1656; x_wconf 92' lang='lat' dir='ltr'><strong>intortos</strong></span> <span class='ocrx_word' id='word_1_135' title='bbox 996 1595 1117 1656; x_wconf 88' lang='lat' dir='ltr'><strong>naribus</strong></span> 
     </span>
     <span class='ocr_line' id='line_1_17' title="bbox 97 1682 1170 1763; baseline 0 -18"><span class='ocrx_word' id='word_1_136' title='bbox 97 1684 266 1745; x_wconf 87' lang='lat' dir='ltr'><strong>liuentibus</strong></span> <span class='ocrx_word' id='word_1_137' title='bbox 290 1685 403 1744; x_wconf 80' lang='lat' dir='ltr'><strong>fulcias.</strong></span> <span class='ocrx_word' id='word_1_138' title='bbox 439 1682 609 1763; x_wconf 80' lang='lat' dir='ltr'><strong>specularia</strong></span> <span class='ocrx_word' id='word_1_139' title='bbox 629 1683 774 1744; x_wconf 86' lang='lat' dir='ltr'><strong>conbusta</strong></span> <span class='ocrx_word' id='word_1_140' title='bbox 794 1703 831 1744; x_wconf 84' lang='lat' dir='ltr'><strong>ex</strong></span> <span class='ocrx_word' id='word_1_141' title='bbox 849 1691 932 1743; x_wconf 90' lang='lat' dir='ltr'><strong>aceto</strong></span> <span class='ocrx_word' id='word_1_142' title='bbox 951 1692 1117 1762; x_wconf 89' lang='lat' dir='ltr'><strong>temperau·</strong></span> <span class='ocrx_word' id='word_1_143' title='bbox 1135 1696 1170 1745; x_wconf 80' lang='grc'><strong>49</strong></span> 
     </span>
     <span class='ocr_line' id='line_1_18' title="bbox 96 1771 1170 1852; baseline 0 -18"><span class='ocrx_word' id='word_1_144' title='bbox 96 1783 151 1834; x_wconf 90' lang='lat' dir='ltr'><strong>tur</strong></span> <span class='ocrx_word' id='word_1_145' title='bbox 179 1782 211 1833; x_wconf 89' lang='lat' dir='ltr'><strong>et</strong></span> <span class='ocrx_word' id='word_1_146' title='bbox 233 1774 324 1834; x_wconf 83' lang='lat' dir='ltr'><strong>fronti</strong></span> <span class='ocrx_word' id='word_1_147' title='bbox 346 1775 412 1834; x_wconf 86' lang='lat' dir='ltr'><strong>eius</strong></span> <span class='ocrx_word' id='word_1_148' title='bbox 433 1772 615 1852; x_wconf 90' lang='lat' dir='ltr'><strong>inlinuntur,</strong></span> <span class='ocrx_word' id='word_1_149' title='bbox 643 1774 694 1832; x_wconf 91' lang='lat' dir='ltr'><strong>cui</strong></span> <span class='ocrx_word' id='word_1_150' title='bbox 717 1790 804 1832; x_wconf 90' lang='lat' dir='ltr'><strong>nares</strong></span> <span class='ocrx_word' id='word_1_151' title='bbox 827 1771 932 1832; x_wconf 85' lang='lat' dir='ltr'><strong>fluunt.</strong></span> <span class='ocrx_word' id='word_1_152' title='bbox 979 1771 1116 1850; x_wconf 85' lang='lat' dir='ltr'><strong>Siongiae</strong></span> <span class='ocrx_word' id='word_1_153' title='bbox 1136 1785 1170 1834; x_wconf 82' lang='grc' dir='ltr'><strong>5ο</strong></span> 
     </span>
     <span class='ocr_line' id='line_1_19' title="bbox 97 1860 1156 1942; baseline 0.001 -20"><span class='ocrx_word' id='word_1_154' title='bbox 97 1863 257 1923; x_wconf 71' lang='lat' dir='ltr'><strong>Africanae</strong></span> <span class='ocrx_word' id='word_1_155' title='bbox 281 1862 442 1922; x_wconf 86' lang='lat' dir='ltr'><strong>conbustae</strong></span> <span class='ocrx_word' id='word_1_156' title='bbox 465 1863 550 1942; x_wconf 88' lang='lat' dir='ltr'><strong>cinis,</strong></span> <span class='ocrx_word' id='word_1_157' title='bbox 573 1863 600 1921; x_wconf 91' lang='lat' dir='ltr'><strong>si</strong></span> <span class='ocrx_word' id='word_1_158' title='bbox 623 1861 747 1922; x_wconf 89' lang='lat' dir='ltr'><strong>naribus</strong></span> <span class='ocrx_word' id='word_1_159' title='bbox 768 1860 931 1940; x_wconf 87' lang='lat' dir='ltr'><strong>hauriatur,</strong></span> <span class='ocrx_word' id='word_1_160' title='bbox 954 1861 1116 1940; x_wconf 91' lang='lat' dir='ltr'><strong>plurimum</strong></span> <span class='ocrx_word' id='word_1_161' title='bbox 1144 1913 1156 1923; x_wconf 47' lang='lat'><em>2</em></span> 
     </span>
     <span class='ocr_line' id='line_1_20' title="bbox 97 1948 1169 2031; baseline 0 -20"><span class='ocrx_word' id='word_1_162' title='bbox 97 1951 232 2030; x_wconf 91' lang='lat' dir='ltr'><strong>prodest.</strong></span> <span class='ocrx_word' id='word_1_163' title='bbox 262 1950 294 2011; x_wconf 91' lang='lat' dir='ltr'><strong>Si</strong></span> <span class='ocrx_word' id='word_1_164' title='bbox 312 1961 342 2011; x_wconf 90' lang='lat' dir='ltr'><strong>et</strong></span> <span class='ocrx_word' id='word_1_165' title='bbox 362 1969 414 2030; x_wconf 92' lang='lat' dir='ltr'><strong>per</strong></span> <span class='ocrx_word' id='word_1_166' title='bbox 432 1969 521 2011; x_wconf 90' lang='lat' dir='ltr'><strong>nares</strong></span> <span class='ocrx_word' id='word_1_167' title='bbox 540 1958 571 2010; x_wconf 89' lang='lat' dir='ltr'><strong>et</strong></span> <span class='ocrx_word' id='word_1_168' title='bbox 587 1969 643 2028; x_wconf 86' lang='lat' dir='ltr'><strong>per</strong></span> <span class='ocrx_word' id='word_1_169' title='bbox 662 1969 695 2010; x_wconf 90' lang='lat' dir='ltr'><strong>os</strong></span> <span class='ocrx_word' id='word_1_170' title='bbox 711 1951 831 2029; x_wconf 89' lang='lat' dir='ltr'><strong>sanguis</strong></span> <span class='ocrx_word' id='word_1_171' title='bbox 846 1948 927 2031; x_wconf 77' lang='lat' dir='ltr'><strong>fluat,</strong></span> <span class='ocrx_word' id='word_1_172' title='bbox 945 1949 1038 2010; x_wconf 89' lang='lat' dir='ltr'><strong>herba</strong></span> <span class='ocrx_word' id='word_1_173' title='bbox 1053 1967 1116 2009; x_wconf 85' lang='lat' dir='ltr'><strong>ver·</strong></span> <span class='ocrx_word' id='word_1_174' title='bbox 1135 1961 1169 2011; x_wconf 88' lang='grc'><strong>51</strong></span> 
     </span>
    </p>

    <p class='ocr_par' dir='ltr' id='par_1_6' title="bbox 57 2039 1170 2476">
     <span class='ocr_line' id='line_1_21' title="bbox 57 2039 1117 2120; baseline 0.003 -24"><span class='ocrx_word' id='word_1_175' title='bbox 57 2058 84 2096; x_wconf 84' lang='lat' dir='ltr'><strong>so</strong></span> <span class='ocrx_word' id='word_1_176' title='bbox 99 2041 193 2120; x_wconf 88' lang='lat' dir='ltr'><strong>bena,</strong></span> <span class='ocrx_word' id='word_1_177' title='bbox 221 2059 309 2119; x_wconf 87' lang='lat' dir='ltr'><strong>quam</strong></span> <span class='ocrx_word' id='word_1_178' title='bbox 337 2039 441 2100; x_wconf 87' lang='lat' dir='ltr'><strong>Graeci</strong></span> <span class='ocrx_word' id='word_1_179' title='bbox 468 2039 686 2100; x_wconf 87' lang='lat' dir='ltr'><strong>hierobotauen</strong></span> <span class='ocrx_word' id='word_1_180' title='bbox 713 2039 830 2119; x_wconf 90' lang='lat' dir='ltr'><strong>dicunt,</strong></span> <span class='ocrx_word' id='word_1_181' title='bbox 858 2057 925 2100; x_wconf 90' lang='lat' dir='ltr'><strong>cum</strong></span> <span class='ocrx_word' id='word_1_182' title='bbox 954 2041 1017 2100; x_wconf 86' lang='lat' dir='ltr'><strong>suis</strong></span> <span class='ocrx_word' id='word_1_183' title='bbox 1040 2039 1117 2099; x_wconf 93' lang='lat' dir='ltr'><strong>radi-</strong></span> 
     </span>
     <span class='ocr_line' id='line_1_22' title="bbox 99 2127 1170 2208; baseline 0 -19"><span class='ocrx_word' id='word_1_184' title='bbox 99 2129 190 2190; x_wconf 91' lang='lat' dir='ltr'><strong>cibus</strong></span> <span class='ocrx_word' id='word_1_185' title='bbox 213 2148 247 2189; x_wconf 86' lang='grc'><strong>44</strong></span> <span class='ocrx_word' id='word_1_186' title='bbox 272 2147 348 2208; x_wconf 87' lang='lat' dir='ltr'><strong>aqua</strong></span> <span class='ocrx_word' id='word_1_187' title='bbox 367 2129 487 2190; x_wconf 90' lang='lat' dir='ltr'><strong>decocta</strong></span> <span class='ocrx_word' id='word_1_188' title='bbox 507 2136 538 2188; x_wconf 90' lang='lat' dir='ltr'><strong>et</strong></span> <span class='ocrx_word' id='word_1_189' title='bbox 555 2127 706 2208; x_wconf 87' lang='lat' dir='ltr'><strong>percolata</strong></span> <span class='ocrx_word' id='word_1_190' title='bbox 724 2136 853 2208; x_wconf 88' lang='lat' dir='ltr'><strong>potatur.</strong></span> <span class='ocrx_word' id='word_1_191' title='bbox 886 2127 1010 2188; x_wconf 91' lang='lat' dir='ltr'><strong>Porrum</strong></span> <span class='ocrx_word' id='word_1_192' title='bbox 1030 2131 1117 2189; x_wconf 88' lang='lat' dir='ltr'><strong>secti·</strong></span> <span class='ocrx_word' id='word_1_193' title='bbox 1136 2141 1170 2190; x_wconf 74' lang='grc'>54</span> 
     </span>
     <span class='ocr_line' id='line_1_23' title="bbox 100 2216 1116 2298; baseline -0.003 -19"><span class='ocrx_word' id='word_1_194' title='bbox 100 2237 172 2279; x_wconf 86' lang='lat' dir='ltr'><strong>vum</strong></span> <span class='ocrx_word' id='word_1_195' title='bbox 199 2227 265 2279; x_wconf 91' lang='lat' dir='ltr'><strong>tere</strong></span> <span class='ocrx_word' id='word_1_196' title='bbox 293 2227 326 2279; x_wconf 88' lang='lat' dir='ltr'><strong>et</strong></span> <span class='ocrx_word' id='word_1_197' title='bbox 346 2236 451 2278; x_wconf 90' lang='lat' dir='ltr'><strong>sucum</strong></span> <span class='ocrx_word' id='word_1_198' title='bbox 479 2216 603 2278; x_wconf 86' lang='lat' dir='ltr'><strong>cerebro</strong></span> <span class='ocrx_word' id='word_1_199' title='bbox 632 2219 698 2277; x_wconf 87' lang='lat' dir='ltr'><strong>eius</strong></span> <span class='ocrx_word' id='word_1_200' title='bbox 726 2217 863 2298; x_wconf 81' lang='lat' dir='ltr'><strong>infunde,</strong></span> <span class='ocrx_word' id='word_1_201' title='bbox 892 2220 943 2295; x_wconf 89' lang='lat' dir='ltr'><strong>qui</strong></span> <span class='ocrx_word' id='word_1_202' title='bbox 971 2217 1116 2296; x_wconf 84' lang='lat' dir='ltr'><strong>profluvio</strong></span> 
     </span>
     <span class='ocr_line' id='line_1_24' title="bbox 100 2305 1170 2385; baseline 0 -18"><span class='ocrx_word' id='word_1_203' title='bbox 100 2309 220 2367; x_wconf 87' lang='lat' dir='ltr'><strong>uarium</strong></span> <span class='ocrx_word' id='word_1_204' title='bbox 247 2307 376 2385; x_wconf 89' lang='lat' dir='ltr'><strong>laborat,</strong></span> <span class='ocrx_word' id='word_1_205' title='bbox 408 2309 508 2367; x_wconf 88' lang='lat' dir='ltr'><strong>statim</strong></span> <span class='ocrx_word' id='word_1_206' title='bbox 539 2306 707 2381; x_wconf 85' lang='lat' dir='ltr'><strong>medebere.</strong></span> <span class='ocrx_word' id='word_1_207' title='bbox 756 2305 928 2366; x_wconf 85' lang='lat' dir='ltr'><strong>blilefolium</strong></span> <span class='ocrx_word' id='word_1_208' title='bbox 961 2324 997 2365; x_wconf 87' lang='lat' dir='ltr'><strong>ex</strong></span> <span class='ocrx_word' id='word_1_209' title='bbox 1032 2314 1116 2366; x_wconf 92' lang='lat' dir='ltr'><strong>aceto</strong></span> <span class='ocrx_word' id='word_1_210' title='bbox 1136 2316 1170 2367; x_wconf 83' lang='grc'><strong>53</strong></span> 
     </span>
     <span class='ocr_line' id='line_1_25' title="bbox 100 2395 1117 2476; baseline -0.002 -20"><span class='ocrx_word' id='word_1_211' title='bbox 100 2399 212 2456; x_wconf 90' lang='lat' dir='ltr'><strong>teritur</strong></span> <span class='ocrx_word' id='word_1_212' title='bbox 233 2405 265 2457; x_wconf 89' lang='lat' dir='ltr'><strong>et</strong></span> <span class='ocrx_word' id='word_1_213' title='bbox 282 2395 405 2456; x_wconf 90' lang='lat' dir='ltr'><strong>naribus</strong></span> <span class='ocrx_word' id='word_1_214' title='bbox 424 2395 569 2476; x_wconf 87' lang='lat' dir='ltr'><strong>hauritur,</strong></span> <span class='ocrx_word' id='word_1_215' title='bbox 593 2398 735 2456; x_wconf 90' lang='lat' dir='ltr'><strong>continno</strong></span> <span class='ocrx_word' id='word_1_216' title='bbox 755 2397 889 2474; x_wconf 88' lang='lat' dir='ltr'><strong>quamvis</strong></span> <span class='ocrx_word' id='word_1_217' title='bbox 908 2397 1032 2456; x_wconf 90' lang='lat' dir='ltr'><strong>nimium</strong></span> <span class='ocrx_word' id='word_1_218' title='bbox 1052 2413 1117 2454; x_wconf 91' lang='lat' dir='ltr'><strong>san·</strong></span> 
     </span>
    </p>

    <p class='ocr_par' dir='ltr' id='par_1_7' title="bbox 59 2483 1170 2919">
     <span class='ocr_line' id='line_1_26' title="bbox 59 2483 1170 2564; baseline 0.003 -23"><span class='ocrx_word' id='word_1_219' title='bbox 59 2501 86 2541; x_wconf 77' lang='grc'>45</span> <span class='ocrx_word' id='word_1_220' title='bbox 100 2488 224 2564; x_wconf 88' lang='lat' dir='ltr'><strong>guinem</strong></span> <span class='ocrx_word' id='word_1_221' title='bbox 252 2487 339 2546; x_wconf 89' lang='lat' dir='ltr'><strong>sistit.</strong></span> <span class='ocrx_word' id='word_1_222' title='bbox 384 2484 417 2544; x_wconf 88' lang='lat' dir='ltr'><strong>Si</strong></span> <span class='ocrx_word' id='word_1_223' title='bbox 444 2502 480 2544; x_wconf 86' lang='lat' dir='ltr'><strong>ex</strong></span> <span class='ocrx_word' id='word_1_224' title='bbox 507 2503 566 2545; x_wconf 92' lang='lat' dir='ltr'><strong>una</strong></span> <span class='ocrx_word' id='word_1_225' title='bbox 590 2503 662 2544; x_wconf 92' lang='lat' dir='ltr'><strong>uare</strong></span> <span class='ocrx_word' id='word_1_226' title='bbox 687 2486 807 2562; x_wconf 90' lang='lat' dir='ltr'><strong>sanguis</strong></span> <span class='ocrx_word' id='word_1_227' title='bbox 830 2483 946 2564; x_wconf 85' lang='lat' dir='ltr'><strong>delinit,</strong></span> <span class='ocrx_word' id='word_1_228' title='bbox 970 2483 1117 2542; x_wconf 85' lang='lat' dir='ltr'><strong>diversam</strong></span> <span class='ocrx_word' id='word_1_229' title='bbox 1136 2495 1170 2544; x_wconf 91' lang='grc'><strong>54</strong></span> 
     </span>
     <span class='ocr_line' id='line_1_27' title="bbox 101 2571 1169 2650; baseline -0.002 -16"><span class='ocrx_word' id='word_1_230' title='bbox 101 2573 267 2635; x_wconf 91' lang='lat' dir='ltr'><strong>auriculam</strong></span> <span class='ocrx_word' id='word_1_231' title='bbox 287 2592 354 2634; x_wconf 89' lang='lat' dir='ltr'><strong>cera</strong></span> <span class='ocrx_word' id='word_1_232' title='bbox 377 2573 539 2634; x_wconf 83' lang='lat' dir='ltr'><strong>obturabis.</strong></span> <span class='ocrx_word' id='word_1_233' title='bbox 569 2571 694 2633; x_wconf 84' lang='lat' dir='ltr'><strong>Carmen</strong></span> <span class='ocrx_word' id='word_1_234' title='bbox 715 2572 749 2633; x_wconf 87' lang='lat' dir='ltr'><strong>ad</strong></span> <span class='ocrx_word' id='word_1_235' title='bbox 770 2571 947 2650; x_wconf 87' lang='lat' dir='ltr'><strong>prollnvinm</strong></span> <span class='ocrx_word' id='word_1_236' title='bbox 964 2571 1116 2648; x_wconf 90' lang='lat' dir='ltr'><strong>sanguinis</strong></span> <span class='ocrx_word' id='word_1_237' title='bbox 1136 2583 1169 2632; x_wconf 93' lang='grc'><strong>55</strong></span> 
     </span>
     <span class='ocr_line' id='line_1_28' title="bbox 100 2658 1116 2741; baseline -0.005 -18"><span class='ocrx_word' id='word_1_238' title='bbox 100 2682 137 2723; x_wconf 87' lang='lat' dir='ltr'><strong>ex</strong></span> <span class='ocrx_word' id='word_1_239' title='bbox 162 2681 352 2741; x_wconf 87' lang='lat' dir='ltr'><strong>quocumque</strong></span> <span class='ocrx_word' id='word_1_240' title='bbox 375 2661 509 2722; x_wconf 91' lang='lat' dir='ltr'><strong>membro</strong></span> <span class='ocrx_word' id='word_1_241' title='bbox 532 2664 688 2721; x_wconf 91' lang='lat' dir='ltr'><strong>manantis.</strong></span> <span class='ocrx_word' id='word_1_242' title='bbox 726 2660 846 2738; x_wconf 89' lang='lat' dir='ltr'><strong>Locum,</strong></span> <span class='ocrx_word' id='word_1_243' title='bbox 870 2677 906 2717; x_wconf 86' lang='grc'><strong>44</strong></span> <span class='ocrx_word' id='word_1_244' title='bbox 926 2677 984 2736; x_wconf 88' lang='lat' dir='ltr'><strong>quo</strong></span> <span class='ocrx_word' id='word_1_245' title='bbox 1004 2658 1116 2738; x_wconf 85' lang='lat' dir='ltr'><strong>delinit,</strong></span> 
     </span>
     <span class='ocr_line' id='line_1_29' title="bbox 100 2748 1117 2829; baseline -0.004 -19"><span class='ocrx_word' id='word_1_246' title='bbox 100 2752 196 2828; x_wconf 88' lang='lat' dir='ltr'><strong>digito</strong></span> <span class='ocrx_word' id='word_1_247' title='bbox 219 2751 387 2812; x_wconf 91' lang='lat' dir='ltr'><strong>medicinali</strong></span> <span class='ocrx_word' id='word_1_248' title='bbox 409 2759 513 2829; x_wconf 83' lang='lat' dir='ltr'><strong>tanges</strong></span> <span class='ocrx_word' id='word_1_249' title='bbox 537 2759 566 2811; x_wconf 90' lang='lat' dir='ltr'><strong>et</strong></span> <span class='ocrx_word' id='word_1_250' title='bbox 588 2753 680 2811; x_wconf 85' lang='lat' dir='ltr'><strong>vicies</strong></span> <span class='ocrx_word' id='word_1_251' title='bbox 699 2751 809 2827; x_wconf 89' lang='lat' dir='ltr'><strong>septies</strong></span> <span class='ocrx_word' id='word_1_252' title='bbox 829 2748 911 2807; x_wconf 91' lang='lat' dir='ltr'><strong>dices</strong></span> <span class='ocrx_word' id='word_1_253' title='bbox 930 2755 960 2807; x_wconf 92' lang='lat' dir='ltr'><strong>et</strong></span> <span class='ocrx_word' id='word_1_254' title='bbox 979 2749 1117 2826; x_wconf 87' lang='lat' dir='ltr'><strong>quotiens</strong></span> 
     </span>
     <span class='ocr_line' id='line_1_30' title="bbox 101 2839 1117 2919; baseline -0.005 -19"><span class='ocrx_word' id='word_1_255' title='bbox 101 2840 232 2900; x_wconf 86' lang='lat' dir='ltr'><strong>volneris</strong></span> <span class='ocrx_word' id='word_1_256' title='bbox 256 2849 382 2919; x_wconf 89' lang='lat' dir='ltr'><strong>repetes,</strong></span> <span class='ocrx_word' id='word_1_257' title='bbox 405 2840 500 2900; x_wconf 88' lang='lat' dir='ltr'><strong>donec</strong></span> <span class='ocrx_word' id='word_1_258' title='bbox 521 2839 646 2899; x_wconf 85' lang='lat' dir='ltr'><strong>fluorem</strong></span> <span class='ocrx_word' id='word_1_259' title='bbox 670 2841 834 2918; x_wconf 84' lang='lat' dir='ltr'><strong>pervincas,</strong></span> <span class='ocrx_word' id='word_1_260' title='bbox 855 2853 968 2896; x_wconf 90' lang='lat' dir='ltr'><strong>socnon</strong></span> <span class='ocrx_word' id='word_1_261' title='bbox 992 2853 1117 2917; x_wconf 82' lang='lat' dir='ltr'><strong>socnon3</strong></span> 
     </span>
    </p>

    <p class='ocr_par' dir='ltr' id='par_1_8' title="bbox 59 2925 1170 3364">
     <span class='ocr_line' id='line_1_31' title="bbox 59 2925 1170 3008; baseline 0.005 -24"><span class='ocrx_word' id='word_1_262' title='bbox 59 2931 179 2989; x_wconf 84' lang='lat' dir='ltr'><strong>aomire</strong></span> <span class='ocrx_word' id='word_1_263' title='bbox 202 2929 333 3008; x_wconf 90' lang='lat' dir='ltr'><strong>prodest</strong></span> <span class='ocrx_word' id='word_1_264' title='bbox 378 2928 518 2989; x_wconf 91' lang='lat' dir='ltr'><strong>Pollicem</strong></span> <span class='ocrx_word' id='word_1_265' title='bbox 546 2936 577 2988; x_wconf 91' lang='lat' dir='ltr'><strong>et</strong></span> <span class='ocrx_word' id='word_1_266' title='bbox 602 2926 807 2988; x_wconf 87' lang='lat' dir='ltr'><strong>medicinalem</strong></span> <span class='ocrx_word' id='word_1_267' title='bbox 831 2925 957 3004; x_wconf 81' lang='lat' dir='ltr'><strong>digitum</strong></span> <span class='ocrx_word' id='word_1_268' title='bbox 980 2944 995 2985; x_wconf 94' lang='lat' dir='ltr'><strong>a</strong></span> <span class='ocrx_word' id='word_1_269' title='bbox 1019 2926 1117 2986; x_wconf 87' lang='lat' dir='ltr'><strong>lroute</strong></span> <span class='ocrx_word' id='word_1_270' title='bbox 1136 2938 1170 2990; x_wconf 83' lang='grc'><strong>55</strong></span> 
     </span>
     <span class='ocr_line' id='line_1_32' title="bbox 102 3015 1118 3097; baseline -0.003 -19"><span class='ocrx_word' id='word_1_271' title='bbox 102 3035 200 3097; x_wconf 91' lang='lat' dir='ltr'><strong>usque</strong></span> <span class='ocrx_word' id='word_1_272' title='bbox 224 3018 259 3077; x_wconf 92' lang='lat' dir='ltr'><strong>ad</strong></span> <span class='ocrx_word' id='word_1_273' title='bbox 284 3017 441 3078; x_wconf 89' lang='lat' dir='ltr'><strong>cerebrum</strong></span> <span class='ocrx_word' id='word_1_274' title='bbox 469 3026 500 3078; x_wconf 92' lang='lat' dir='ltr'><strong>et</strong></span> <span class='ocrx_word' id='word_1_275' title='bbox 526 3017 595 3077; x_wconf 91' lang='lat' dir='ltr'><strong>iude</strong></span> <span class='ocrx_word' id='word_1_276' title='bbox 622 3035 718 3095; x_wconf 91' lang='lat' dir='ltr'><strong>usque</strong></span> <span class='ocrx_word' id='word_1_277' title='bbox 742 3015 778 3076; x_wconf 90' lang='lat' dir='ltr'><strong>ad</strong></span> <span class='ocrx_word' id='word_1_278' title='bbox 802 3016 949 3076; x_wconf 88' lang='lat' dir='ltr'><strong>cervicem</strong></span> <span class='ocrx_word' id='word_1_279' title='bbox 972 3015 1064 3076; x_wconf 90' lang='lat' dir='ltr'><strong>duces</strong></span> <span class='ocrx_word' id='word_1_280' title='bbox 1087 3023 1118 3075; x_wconf 90' lang='lat' dir='ltr'><strong>et</strong></span> 
     </span>
     <span class='ocr_line' id='line_1_33' title="bbox 102 3103 1117 3186; baseline -0.003 -20"><span class='ocrx_word' id='word_1_281' title='bbox 102 3109 245 3185; x_wconf 90' lang='lat' dir='ltr'><strong>nonagies</strong></span> <span class='ocrx_word' id='word_1_282' title='bbox 268 3109 371 3167; x_wconf 85' lang='lat' dir='ltr'><strong>novies</strong></span> <span class='ocrx_word' id='word_1_283' title='bbox 391 3106 487 3167; x_wconf 89' lang='lat' dir='ltr'><strong>dices:</strong></span> <span class='ocrx_word' id='word_1_284' title='bbox 510 3108 612 3166; x_wconf 91' lang='lat' dir='ltr'><strong>sirmio</strong></span> <span class='ocrx_word' id='word_1_285' title='bbox 636 3107 753 3186; x_wconf 80' lang='lat' dir='ltr'><strong>sirmi03</strong></span> <span class='ocrx_word' id='word_1_286' title='bbox 777 3103 856 3183; x_wconf 88' lang='lat' dir='ltr'><strong>quod</strong></span> <span class='ocrx_word' id='word_1_287' title='bbox 875 3104 911 3164; x_wconf 92' lang='lat' dir='ltr'><strong>ad</strong></span> <span class='ocrx_word' id='word_1_288' title='bbox 930 3122 1032 3164; x_wconf 90' lang='lat' dir='ltr'><strong>aurem</strong></span> <span class='ocrx_word' id='word_1_289' title='bbox 1052 3106 1117 3164; x_wconf 89' lang='lat' dir='ltr'><strong>eius</strong></span> 
     </span>
     <span class='ocr_line' id='line_1_34' title="bbox 102 3192 1116 3276; baseline -0.005 -20"><span class='ocrx_word' id='word_1_290' title='bbox 102 3197 197 3273; x_wconf 87' lang='lat' dir='ltr'><strong>partis</strong></span> <span class='ocrx_word' id='word_1_291' title='bbox 220 3195 281 3256; x_wconf 89' lang='lat' dir='ltr'><strong>dici</strong></span> <span class='ocrx_word' id='word_1_292' title='bbox 303 3204 434 3276; x_wconf 89' lang='lat' dir='ltr'><strong>oportet,</strong></span> <span class='ocrx_word' id='word_1_293' title='bbox 458 3195 494 3255; x_wconf 91' lang='lat' dir='ltr'><strong>de</strong></span> <span class='ocrx_word' id='word_1_294' title='bbox 519 3213 575 3274; x_wconf 87' lang='lat' dir='ltr'><strong>qua</strong></span> <span class='ocrx_word' id='word_1_295' title='bbox 600 3213 672 3255; x_wconf 92' lang='lat' dir='ltr'><strong>nare</strong></span> <span class='ocrx_word' id='word_1_296' title='bbox 696 3195 816 3271; x_wconf 87' lang='lat' dir='ltr'><strong>sanguis</strong></span> <span class='ocrx_word' id='word_1_297' title='bbox 839 3195 1018 3271; x_wconf 90' lang='lat' dir='ltr'><strong>propensius</strong></span> <span class='ocrx_word' id='word_1_298' title='bbox 1041 3192 1116 3252; x_wconf 87' lang='lat' dir='ltr'><strong>lluit.</strong></span> 
     </span>
     <span class='ocr_line' id='line_1_35' title="bbox 102 3280 1169 3364; baseline -0.004 -20"><span class='ocrx_word' id='word_1_299' title='bbox 102 3282 234 3344; x_wconf 89' lang='lat' dir='ltr'><strong>Herbam</strong></span> <span class='ocrx_word' id='word_1_300' title='bbox 252 3286 430 3344; x_wconf 85' lang='lat' dir='ltr'><strong>vettonicam</strong></span> <span class='ocrx_word' id='word_1_301' title='bbox 449 3292 538 3364; x_wconf 89' lang='lat' dir='ltr'><strong>teres,</strong></span> <span class='ocrx_word' id='word_1_302' title='bbox 557 3286 608 3344; x_wconf 90' lang='lat' dir='ltr'><strong>cui</strong></span> <span class='ocrx_word' id='word_1_303' title='bbox 621 3281 773 3362; x_wconf 91' lang='lat' dir='ltr'><strong>paululum</strong></span> <span class='ocrx_word' id='word_1_304' title='bbox 789 3280 867 3360; x_wconf 92' lang='lat' dir='ltr'><strong>salis,</strong></span> <span class='ocrx_word' id='word_1_305' title='bbox 886 3291 1029 3359; x_wconf 90' lang='lat' dir='ltr'><strong>quantum</strong></span> <span class='ocrx_word' id='word_1_306' title='bbox 1044 3280 1116 3340; x_wconf 93' lang='lat' dir='ltr'><strong>duo·</strong></span> <span class='ocrx_word' id='word_1_307' title='bbox 1136 3290 1169 3340; x_wconf 80' lang='lat' dir='ltr'><strong>ot</strong></span> 
     </span>
    </p>

    <p class='ocr_par' dir='ltr' id='par_1_9' title="bbox 62 3368 1117 3452">
     <span class='ocr_line' id='line_1_36' title="bbox 62 3368 1117 3452; baseline -0.001 -24"><span class='ocrx_word' id='word_1_308' title='bbox 62 3387 88 3428; x_wconf 79' lang='lat' dir='ltr'><strong>as</strong></span> <span class='ocrx_word' id='word_1_309' title='bbox 103 3372 160 3434; x_wconf 92' lang='lat' dir='ltr'><strong>bus</strong></span> <span class='ocrx_word' id='word_1_310' title='bbox 188 3373 289 3452; x_wconf 89' lang='lat' dir='ltr'><strong>digitis</strong></span> <span class='ocrx_word' id='word_1_311' title='bbox 317 3373 423 3452; x_wconf 87' lang='lat' dir='ltr'><strong>pollice</strong></span> <span class='ocrx_word' id='word_1_312' title='bbox 451 3381 481 3434; x_wconf 92' lang='lat' dir='ltr'><strong>et</strong></span> <span class='ocrx_word' id='word_1_313' title='bbox 508 3373 676 3433; x_wconf 87' lang='lat' dir='ltr'><strong>medicinali</strong></span> <span class='ocrx_word' id='word_1_314' title='bbox 703 3389 809 3450; x_wconf 89' lang='lat' dir='ltr'><strong>capere</strong></span> <span class='ocrx_word' id='word_1_315' title='bbox 835 3371 982 3450; x_wconf 88' lang='lat' dir='ltr'><strong>potueris,</strong></span> <span class='ocrx_word' id='word_1_316' title='bbox 1006 3368 1117 3429; x_wconf 89' lang='lat' dir='ltr'><strong>adicies</strong></span> 
     </span>
    </p>
   </div>
   <div class='ocr_carea' id='block_1_3' title="bbox 175 3556 993 3632">
    <p class='ocr_par' dir='ltr' id='par_1_10' title="bbox 175 3556 993 3632">
     <span class='ocr_line' id='line_1_37' title="bbox 175 3556 993 3632; baseline -0.007 -16"><span class='ocrx_word' id='word_1_317' title='bbox 175 3560 296 3619; x_wconf 72' lang='lat' dir='ltr'><strong>taiatit.</strong></span> <span class='ocrx_word' id='word_1_318' title='bbox 368 3563 435 3617; x_wconf 77' lang='grc'><strong>445</strong></span> <span class='ocrx_word' id='word_1_319' title='bbox 451 3578 503 3618; x_wconf 87' lang='lat' dir='ltr'><strong>om.</strong></span> <span class='ocrx_word' id='word_1_320' title='bbox 577 3561 735 3632; x_wconf 77' lang='lat' dir='ltr'><strong>tpapirua.</strong></span> <span class='ocrx_word' id='word_1_321' title='bbox 809 3561 841 3611; x_wconf 86' lang='lat'><strong>18</strong></span> <span class='ocrx_word' id='word_1_322' title='bbox 860 3556 993 3612; x_wconf 84' lang='lat' dir='ltr'><strong>auristur.</strong></span> 
     </span>
    </p>
   </div>
   <div class='ocr_carea' id='block_1_4' title="bbox 1159 3715 1272 3839">
    <p class='ocr_par' dir='ltr' id='par_1_11' title="bbox 1159 3715 1272 3839">
     <span class='ocr_line' id='line_1_38' title="bbox 1159 3715 1272 3839; baseline 0 -7"><span class='ocrx_word' id='word_1_323' title='bbox 1159 3715 1272 3839; x_wconf 73' lang='grc'><strong>4·</strong></span> 
     </span>
    </p>
   </div>
   <div class='ocr_carea' id='block_1_5' title="bbox 0 0 1310 4017">
    <p class='ocr_par' dir='ltr' id='par_1_12' title="bbox 0 0 1310 4017">
     <span class='ocr_line' id='line_1_39' title="bbox 0 0 1310 4017; baseline 0 0"><span class='ocrx_word' id='word_1_324' title='bbox 0 0 1310 4017; x_wconf 95' lang='lat' dir='ltr'><strong> </strong></span> 
     </span>
    </p>
   </div>
  </div>
 </body>
</html>
