2609 4017
486 199 727 264 -199-

90 370 150 444 tet,
180 362 261 442 quod
289 363 355 422 lieri
383 361 472 423 dehet
495 362 531 423 de
554 363 724 442 plantagine
748 381 797 442 ea,
822 379 897 441 quae
921 361 1112 441 arnoglossus

91 452 216 533 dicitur,
236 469 305 512 cum
323 458 408 512 aceto
426 454 510 532 trita3
530 452 605 513 cibis
624 461 724 514 autem
742 453 788 512 uti
807 450 904 532 debet,
923 453 973 511 cui
992 451 1112 512 meden-

92 541 167 602 dum
191 547 247 621 est,
270 543 399 601 austeris
422 549 453 601 et
475 543 619 620 stypticis.

186 628 370 708 Cataplasma
392 630 427 690 fit
449 629 601 690 stomacho
624 629 771 691 laboranti
794 647 830 689 ex
852 631 949 708 pomis
971 629 1112 709 cydoneis
1129 641 1165 691 38

65 719 210 797 septime
232 720 394 799 percoctis,
418 737 493 798 quae
516 737 604 797 poma
626 717 764 779 manibus
787 717 981 798 subiguntur,
1004 717 1113 779 deinde

94 825 165 867 rosa
185 809 266 868 sicca
284 809 392 868 teritur
411 815 442 868 et
459 807 582 869 cribello
597 807 767 869 medicinali
781 806 934 889 criblatur,
953 815 1017 868 tum
1036 809 1113 868 aceti

94 898 203 974 optimi
228 903 372 975 quantum
395 896 524 957 sufficiat
549 897 677 957 adicitur
705 904 735 956 ct
762 895 851 956 simul
878 897 976 956 omnia
1004 898 1113 974 permi-

95 993 222 1045 scentur
241 985 411 1064 factumque
430 986 606 1064 cataplasma
626 984 779 1046 stomacho
797 983 926 1045 calidum
945 984 1113 1062 adponitur.

94 1071 264 1154 Portulaca,
286 1073 343 1134 hoc
367 1081 413 1135 est
436 1073 525 1135 alium
549 1073 702 1154 Gallicum,
726 1075 867 1153 coquitur
887 1073 1112 1153 diligentissime
1132 1085 1166 1134 39

53 1180 83 1218 10
97 1169 128 1222 et
155 1171 275 1222 coctum
302 1162 378 1223 bene
406 1163 512 1224 edetur
540 1182 576 1223 er
604 1171 688 1224 aceto
717 1162 826 1243 abeo,
852 1164 903 1240 qui
927 1162 1114 1223 stomachum

95 1249 211 1312 dolebit
233 1250 279 1310 vel
301 1253 441 1312 vitiosum
464 1250 598 1332 hahebit3
626 1254 686 1312 cito
715 1255 743 1312 ei
765 1250 908 1331 proderit.
954 1250 1113 1312 (luminum
1131 1262 1167 1312 40

95 1348 178 1400 teres
203 1349 233 1401 et
250 1343 318 1400 rino
337 1343 464 1401 mixtum
482 1340 567 1401 dabis
585 1339 748 1401 hibendum
766 1342 876 1420 ieiuno,
900 1342 926 1401 si
944 1359 1004 1401 non
1023 1339 1113 1400 lebri-

96 1428 214 1508 citabit3
234 1430 260 1488 si
278 1428 461 1490 febricitahit
479 1448 515 1490 ex
530 1448 605 1508 aqua
619 1432 726 1490 tritum
741 1428 837 1510 dabis,
857 1431 1000 1490 continuo
1014 1447 1113 1489 emen·

95 1517 218 1578 dabitur
241 1518 386 1579 stomachi
408 1518 501 1578 dolor.
539 1517 672 1579 Nardum
696 1526 726 1578 et
748 1521 855 1578 mastix
879 1526 909 1578 et
928 1535 1030 1578 semen
1054 1519 1114 1596 apii
1132 1528 1167 1576 41

55 1622 81 1663 15
95 1625 166 1667 cum
191 1605 264 1666 baca
286 1605 363 1666 lauri
386 1615 416 1668 et
439 1606 575 1668 absenthi
597 1609 710 1667 semine
730 1609 834 1685 aequis
852 1605 1024 1685 potionibus
1044 1623 1113 1665 con-

95 1702 251 1775 teruntur3
275 1695 372 1773 pulvis
390 1695 440 1756 hic
464 1714 556 1776 super
579 1695 766 1756 stomachum
790 1712 930 1773 aspersus
950 1695 1025 1754 mire
1045 1711 1114 1753 eum

94 1785 203 1844 reiicit.
237 1782 376 1844 Absinthi
398 1785 503 1844 viridis
525 1784 710 1864 manipulum
733 1786 765 1843 in
788 1782 915 1844 caccabo
934 1800 1010 1842 novo
1029 1781 1115 1843 fictili
1132 1793 1168 1842 42

95 1891 166 1934 cum
190 1891 284 1951 aquae
306 1873 426 1936 hemina
449 1873 599 1952 decoquas
622 1872 658 1933 ad
683 1874 787 1934 tertias
809 1880 839 1932 et
856 1874 888 1932 in
906 1875 1001 1952 ipsam
1018 1873 1114 1951 potio-

94 1971 166 2022 nem
188 1963 290 2022 mittes
308 1964 441 2023 masticis
458 1962 610 2023 modicum
629 1970 661 2023 et
678 1963 791 2041 piperis
811 1963 875 2023 triti
893 1979 984 2040 grana
999 1969 1114 2041 septem

54 2067 82 2106 so
95 2050 144 2111 vel
167 2069 274 2111 novem
297 2058 327 2111 et
351 2053 394 2112 sic
418 2069 504 2112 manc
527 2053 628 2112 ieiuno
653 2050 816 2112 bibendum
845 2051 942 2133 dabis,
970 2053 1113 2112 continuo

96 2141 209 2200 sentiet
232 2140 376 2200 stomachi
399 2139 561 2201 laborantis
584 2139 750 2200 medellam.

188 2227 233 2288 Ad
247 2229 393 2290 stomachi
407 2228 622 2290 carbunculum
637 2229 863 2308 reprimendum
877 2228 987 2289 dactrdi
1001 2229 1032 2288 in
1044 2229 1113 2288 vino
1132 2239 1167 2289 43

97 2325 219 2378 austero
238 2326 427 2378 macerantur
445 2325 475 2378 et
493 2317 624 2378 admixto
642 2336 731 2396 pomo
750 2318 883 2397 cydoneo
901 2324 986 2377 cocto
1002 2325 1032 2378 ct
1046 2335 1115 2377 rosa

97 2415 128 2467 et
156 2408 279 2467 mastice
307 2414 338 2467 et
360 2405 424 2466 aloe
449 2415 479 2467 et
502 2405 566 2466 oleo
592 2424 715 2467 rosaceo
739 2405 891 2466 stomacho
914 2405 1115 2485 adponuntur,

55 2512 84 2552 aa
97 2497 139 2555 ita
168 2503 202 2556 ut
229 2495 405 2573 cataplasma
432 2495 502 2555 inde
526 2497 748 2555 exactissimum
771 2495 834 2573 fiat,
861 2502 1016 2572 praeterea
1040 2511 1115 2554 sem·

97 2603 154 2662 per
176 2591 245 2645 ante
271 2583 371 2644 cibum
398 2584 536 2644 intirmus
559 2582 712 2644 stomacho
741 2579 829 2641 dehet
856 2583 992 2659 accipere
1020 2580 1115 2641 mellis

97 2674 190 2733 nauci
218 2672 356 2734 cocliaria
384 2672 443 2733 duo
471 2670 517 2732 vel
544 2674 601 2732 tria
628 2672 742 2750 pariter
769 2671 801 2730 iu
826 2671 894 2729 vino
922 2677 1041 2730 austero
1066 2669 1116 2730 de-

98 2764 190 2842 cocti,
215 2761 295 2841 quod
318 2760 442 2840 duplum
470 2763 510 2821 sit
537 2779 625 2839 quam
653 2759 725 2840 mel,
753 2758 799 2818 vel
826 2759 971 2836 provino
995 2764 1115 2818 austero

98 2868 192 2912 sucus
219 2868 355 2910 rosarum
381 2851 548 2929 permixtus
575 2849 677 2929 detur,
705 2850 798 2909 siccat
825 2849 903 2907 enim
931 2847 1117 2908 stomachum

57 2956 85 2996 so
99 2949 130 2999 et
158 2947 275 3000 recreat
302 2938 481 3001 dissolutum
509 2948 539 2998 et
565 2938 649 2998 tarde
679 2936 780 2998 cibum
810 2936 1017 2998 conficientem
1046 2955 1116 2998 con-

98 3029 206 3088 firmat.
243 3027 339 3088 llellis
362 3026 437 3088 libra
465 3045 536 3106 una,
565 3027 684 3104 senapis
711 3027 782 3086 tosti
809 3044 843 3086 ac
866 3033 935 3105 post
958 3026 1116 3106 diligenter
1134 3037 1170 3085 44

98 3119 164 3177 triti
196 3119 302 3178 unciae
336 3117 411 3177 duae
444 3118 556 3194 pariter
588 3122 760 3194 coquuntur
793 3122 823 3175 et
857 3133 893 3175 ex
927 3133 962 3176 eo
993 3116 1116 3194 plenum

98 3207 235 3267 cocleare
267 3207 381 3286 ieiuno,
413 3206 466 3283 qui
498 3204 643 3264 stomachi
671 3203 771 3264 dolore
800 3202 989 3284 laboraverit,
1020 3204 1115 3264 datur.

98 3296 143 3356 Ad
168 3294 354 3356 stomachum
382 3300 575 3354 nauseantem
604 3301 634 3353 et
662 3301 862 3354 acescentem:
891 3291 1047 3353 Coriandri
1070 3309 1115 3352 se·
1134 3301 1169 3352 45

192 3501 400 3572 larnoglosus.
478 3497 647 3568 bstipticis.
724 3497 861 3552 aeolide.
943 3497 1117 3566 iporcoclo.

99 3579 135 3628 14
154 3574 291 3628 dolorem.
364 3573 480 3626 master.
556 3576 588 3624 1⁷
607 3569 789 3638 manipolum.
864 3571 897 3622 18
917 3567 1056 3624 haemina

1170 3786 1285 3980 Η
