2609 4017
473 185 718 252 -133-

85 367 173 409 uvam
196 351 415 427 prominentem
439 358 566 411 coercet.
604 348 685 410 Folia
709 348 778 410 rubi
799 349 927 410 arelacta
946 350 977 408 in
996 348 1102 410 umbra
1122 362 1154 413 16

85 441 116 498 12
144 439 279 498 cinerem
307 447 550 519 concremantur,
577 440 603 498 is
631 440 707 499 cinis
730 440 761 498 in
785 437 911 502 cocleari
935 455 1009 498 urae
1032 437 1101 498 sub-

85 529 183 587 iectus
211 535 426 606 praesentaneo
453 528 586 589 remedio
614 545 679 587 eam
703 527 859 588 contrabit.
900 525 1101 587 Hirundinum
1122 539 1154 592 tr
1240 531 1242 534 ’

86 623 262 676 exustarum
289 618 365 676 cinis
392 635 487 695 usque
515 617 552 677 ad
576 615 743 695 periculum
767 615 912 677 laboranti
935 633 1009 676 uvae
1033 633 1101 676 cum

52 703 174 765 smelle
203 707 315 765 mixtus
342 713 480 784 potenter
503 704 648 767 inlinitur.
690 704 815 766 Alumen
844 707 970 766 scissum
995 703 1100 766 leviter
1122 717 1155 768 18

84 796 193 855 tritum
225 792 272 853 vel
300 801 422 854 tunsum
455 813 529 855 uvae
562 793 714 855 subditum
747 793 877 873 prodest.
929 792 1101 855 Chaloitidis
1122 808 1155 857 12

84 875 173 969 21,
202 884 280 942 turis
309 875 426 968 pilli,
454 883 543 944 221212
570 885 653 943 vivae
681 883 849 963 denarium,
877 885 980 963 misui,
1007 883 1102 966 nardi,

84 971 151 1032 folii
170 963 212 1057 ᾇ·
231 970 332 1053 binos,
355 973 437 1032 croci
460 965 654 1058 2122211111,
683 974 781 1032 omnia
809 981 896 1032 tunsa
919 979 950 1032 et
972 971 1103 1032 cribrata

84 1063 115 1121 12
146 1078 243 1120 unrrm
271 1059 410 1121 miscebis
438 1061 535 1140 deque
563 1079 599 1121 eo
626 1060 747 1139 pulvere
782 1062 814 1120 in
845 1060 973 1120 cocleari
1003 1063 1101 1139 posito

38 1169 71 1208 no
85 1166 174 1210 uvam
190 1158 302 1231 tanges,
321 1157 369 1210 ter
386 1167 482 1232 mane,
500 1158 547 1210 ter
560 1158 628 1211 ante
643 1148 791 1229 balneum,
809 1157 925 1211 certum
939 1151 1103 1228 experieris

84 1238 263 1299 remedium.
310 1237 385 1298 Salis
412 1257 552 1318 granum,
579 1241 664 1318 panis
692 1240 811 1319 micam,
840 1236 998 1299 carbonem
1022 1229 1102 1298 mor'-
1121 1250 1156 1302 2ο

86 1339 174 1388 tuum
198 1329 230 1386 iu
252 1327 410 1406 phoenicio
433 1327 567 1406 alligabis
589 1335 620 1389 et
640 1328 700 1388 linc
720 1329 799 1389 cirea
819 1326 927 1388 collum
946 1345 1032 1387 uvam
1052 1327 1103 1387 do·

84 1415 163 1478 lenti
187 1416 361 1495 suspendes.
399 1415 477 1478 Suco
496 1418 541 1477 rel
561 1416 636 1478 lacte
656 1417 787 1496 caprifici
809 1419 840 1477 in
860 1415 987 1476 cocleari
1005 1418 1102 1496 posito
1121 1429 1155 1480 21

85 1523 144 1565 uva
173 1507 285 1584 optime
313 1505 493 1567 sublevatur.
534 1506 634 1568 Urtica
658 1508 767 1566 teritur
790 1507 915 1582 eiusque
939 1523 1030 1566 suetas
1054 1523 1102 1565 ex·
1122 1517 1156 1566 22

41 1613 71 1653 15
85 1612 214 1673 pressus
241 1602 271 1654 et
299 1594 464 1673 tepefactus
492 1593 528 1655 ab
557 1614 605 1676 eo,
633 1597 686 1674 qui
713 1613 800 1655 uvam
823 1592 916 1673 dolet,
944 1592 1103 1652 salubriter

85 1683 294 1762 gargalizatur.
340 1682 484 1764 Lapillus‚
508 1686 614 1763 quiin
638 1684 759 1762 sfongea
782 1682 920 1742 Africana
943 1683 1103 1760 invenitur,
1122 1693 1156 1743 23

85 1772 247 1852 phoenicio
272 1770 429 1833 obvolutus
452 1772 572 1852 linoque
596 1772 703 1851 ligatus
723 1770 798 1832 collo
818 1770 1011 1850 suspenditur
1030 1771 1104 1848 eius,

87 1863 141 1939 qui
169 1878 243 1921 urae
271 1862 341 1921 vitio
370 1860 493 1924 laborat
538 1861 664 1922 Carmen
687 1861 722 1921 ad
747 1879 821 1921 uvae
845 1858 992 1939 dolorem,
1023 1858 1102 1937 quod
1121 1871 1157 1922 24

87 1952 155 2028 ipse
184 1948 242 2009 sibi
270 1951 322 2028 qui
350 1949 429 2010 dolet
456 1958 629 2028 praecentet
657 1957 686 2011 et
713 1968 818 2011 manus
846 1951 967 2028 supinas
995 1967 1011 2008 a
1038 1954 1103 2026 gut·

46 2057 73 2098 oo
90 2047 161 2099 ture
188 2056 285 2116 usque
313 2037 350 2098 ad
377 2038 535 2100 cerebrum
559 2041 727 2101 coniunctis
753 2040 852 2118 digitis
876 2039 989 2099 ducens
1012 2037 1103 2098 dicat:

88 2126 186 2188 Gnissi
209 2129 287 2187 crasi
309 2131 452 2188 cancrasi.
485 2127 600 2199 Quibus
623 2128 711 2189 dictis
735 2146 857 2189 rursum
878 2145 984 2188 manus
1004 2145 1019 2186 a
1038 2133 1103 2205 gut-

87 2225 159 2276 ture
182 2216 273 2277 ducat
295 2226 326 2276 et
348 2225 395 2278 ter
417 2216 474 2277 boc
497 2218 593 2278 iaciat.
625 2217 786 2278 Laboranti
809 2235 882 2278 uvae
902 2216 1043 2276 diuturno
1063 2214 1102 2275 12-
1121 2227 1155 2277 26

87 2305 163 2366 bore
181 2304 256 2365 baec
275 2323 346 2365 cura
365 2308 530 2366 succurrit:
551 2305 728 2367 Hirudinem
747 2309 841 2366 vivam
860 2313 936 2367 testo
956 2303 1103 2365 avellanae

89 2393 229 2455 includes
257 2411 381 2472 eamque
408 2394 564 2474 phoenicio
596 2395 758 2456 involutam
789 2394 849 2455 lino
883 2396 961 2455 circa
995 2392 1103 2453 collum

46 2500 74 2540 22
88 2481 254 2561 subligabis
277 2485 413 2562 intraque
437 2483 515 2544 diem
535 2502 646 2544 nonum
665 2486 746 2544 omni
766 2482 901 2544 molestia
919 2479 1103 2542 liberaberis.

87 2571 131 2631 lle
154 2589 212 2631 uva
235 2589 322 2649 passa
345 2572 436 2650 eliges
460 2590 599 2654 granum,
624 2571 704 2651 quod
728 2589 821 2632 uuum
844 2572 1026 2631 intrinsecus
1050 2587 1102 2628 nu·
1121 2581 1155 2630 26

88 2660 187 2720 eleum
210 2659 330 2739 habeat,
353 2679 481 2740 eumque
504 2663 535 2722 in
559 2661 716 2739 phoenicio
745 2659 877 2737 alligabis
905 2668 935 2718 et
957 2655 1103 2737 12221122,

88 2749 118 2808 id
147 2751 249 2809 estin
273 2751 394 2826 regione
417 2768 503 2830 uvae,
530 2751 645 2810 inseres
669 2757 700 2810 et
724 2746 839 2809 tenebis
863 2754 893 2807 et
916 2745 1009 2806 dices:
1043 2745 1104 2806 Uva

89 2856 176 2898 uvam
196 2836 349 2918 emendat3
367 2856 435 2898 mox
453 2841 553 2917 ipsum
571 2839 762 2918 phoenicium
778 2854 866 2915 supra
881 2836 1024 2897 verticem
1039 2836 1104 2895 eius

49 2925 208 2986 ootenebis
238 2932 268 2986 et
296 2925 373 2987 idem
403 2927 483 2988 dices
511 2946 639 3006 cumque
664 2935 712 2988 ter
735 2929 832 3006 ipsum
856 2926 964 2986 leceris
988 2932 1018 2986 et
1041 2942 1104 2985 car·

89 3016 263 3092 minareris,
291 3013 366 3075 22112
394 3014 521 3076 dolentis
548 3014 719 3095 subligabis.
760 3016 856 3076 Rosae
884 3017 980 3076 siccae
1003 3022 1156 3093 partesue

89 3103 177 3183 duas,
205 3105 295 3182 myrti
321 3110 437 3182 partem
464 3122 553 3165 unam
581 3123 649 3166 cum
679 3123 754 3184 aqua
782 3103 876 3165 mulsa
901 3104 1105 3182 decoqueret

87 3191 311 3253 laborantium
330 3191 414 3253 dabis
431 3193 676 3272 gargalizandum.
707 3193 901 3274 Lenticulam,
920 3193 995 3253 licus
1010 3194 1104 3252 siccas
1290 3219 1291 3314 p

160 3343 386 3400 themodinum.
428 3345 595 3401 6221221112.
638 3352 672 3401 10
687 3345 807 3417 certum]
821 3345 945 3400 tertium.
989 3343 1105 3397 121221-

87 3415 138 3470 tio.
201 3422 235 3470 14
252 3432 345 3471 uvam.
406 3416 587 3472 1612221212.
647 3423 681 3471 23
701 3416 854 3472 erudinem.
908 3413 1114 3470 1212222112Ιδ

87 3488 154 3558 noe]
170 3489 247 3541 testo
256 3487 409 3541 Africanae
422 3488 534 3543 cocleae
549 3487 710 3544 Cornariue.
748 3485 921 3542 2412221112.
958 3484 1105 3540 26112222-

87 3558 251 3628 222221212).
306 3557 456 3613 22122212.
515 3557 714 3616 2912221222.
776 3564 810 3613 33
825 3557 860 3612 de
874 3573 930 3613 uva
945 3556 1106 3613 (12222122.

1140 3772 1251 3984 ls
