2609 4017
578 131 820 197 -156-

160 307 178 357 8
285 295 541 377 Medicamentum,
564 295 643 375 quod
667 314 722 375 per
745 295 917 357 cocliarium
940 295 1109 376 devoratur,
1135 293 1218 354 bene
1287 335 1288 338 ,

197 385 267 445 lacit
290 385 326 447 ad
350 395 463 446 tussem
483 384 595 445 aridam
615 393 645 445 et
665 403 725 465 eos,
745 387 795 463 qui
814 383 1144 462 difficultcrrglutinosa
1164 401 1218 445 ex·

197 481 301 534 creant
319 482 350 535 et
362 473 529 552 praefocari
542 472 682 533 ridentur
695 473 861 554 interdum;
880 473 931 534 sed
946 475 1107 552 praecipue
1122 471 1218 550 prod·

197 570 243 622 est
256 561 312 642 his,
332 564 385 640 qui
403 561 535 622 dolorem
555 560 656 623 lateris
671 580 739 623 cum
753 560 837 622 febre
852 565 995 642 sentiunt,
1015 579 1089 641 quos
1103 559 1217 621 Graeci

195 651 369 730 pleuriticos
397 650 513 732 dicunt,
541 649 648 711 liberat
671 652 751 710 enim
777 653 858 710 omni
880 649 1014 729 periculo
1038 667 1097 711 coc.
1146 648 1243 710 hocs

196 738 445 799 medicamentum
478 737 584 818 Apulei
615 737 694 799 Celsi
728 739 784 800 luit
817 747 847 799 et
878 740 1081 818 praeceptoris
1113 740 1216 798 nostri

195 826 326 888 Valentis
349 845 405 887 nec
428 845 569 906 umquam
592 827 645 888 ulli
667 829 751 888 virus
770 829 1015 906 compositionem
1035 830 1099 888 eius
1119 826 1216 906 dedit,

196 919 265 996 quia
293 915 527 995 magnitudinem
554 917 704 994 opinionis
732 933 768 975 ex
799 933 832 976 ca
860 923 1004 998 traxerat,
1037 923 1083 976 est
1109 924 1215 976 autem

194 1005 282 1066 haec:
305 1003 399 1064 Mollis
422 1005 513 1065 Attici
535 1003 650 1085 libram,
674 1005 786 1082 piperis
809 1007 887 1082 nigri
906 1003 932 1064 x
951 1003 986 1085 ll,
1010 1022 1127 1083 myrrae
1146 1011 1215 1064 tro-

195 1093 361 1173 glodytidos
385 1102 415 1153 et
434 1094 528 1152 casiae
548 1092 574 1153 X
593 1093 735 1172 singulos,
759 1093 896 1172 stachpos
915 1093 1001 1153 nardi
1019 1092 1045 1153 X
1064 1093 1086 1173 1,
1108 1094 1253 1154 cinna-1⁰

196 1185 287 1243 momi
313 1181 522 1242 hemiobolum.
568 1181 654 1252 Quod
683 1183 711 1241 si
733 1199 793 1242 non
815 1181 956 1242 habueris
980 1184 1214 1261 cinnamomum,

195 1270 346 1349 duplicem
372 1273 480 1331 casiam
509 1272 632 1352 coicies3
660 1273 746 1348 piper
773 1271 967 1332 contunditur
994 1271 1153 1349 diligenter
1180 1278 1214 1330 et

196 1359 358 1438 cribratur,
381 1377 480 1438 myrra
504 1361 612 1420 teritur
635 1360 777 1418 mortario
801 1377 976 1440 marmoreo,
1001 1367 1104 1438 postea
1128 1366 1212 1420 utra-

196 1465 253 1526 que
276 1450 308 1507 in
331 1465 424 1508 unum
447 1449 625 1528 miscentur,
653 1446 761 1508 deinde
788 1447 883 1507 mellis
912 1451 1015 1527 optimi
1040 1447 1215 1526 despumati

195 1536 323 1597 adicitur
348 1545 491 1615 quantum
515 1528 665 1617 sufficiat'
679 1543 714 1596 ut
738 1538 777 1596 sit
794 1536 1063 1616 pseudoliquidum.
1094 1535 1252 1597 Dantur1⁵
1287 1597 1288 1600 ,

194 1625 264 1686 inde
292 1627 413 1686 tussicis
442 1625 579 1685 cocliaria
608 1627 697 1704 quina
725 1624 772 1684 rel
804 1642 889 1705 sena,
920 1625 1087 1703 pleuriticis
1119 1626 1213 1684 etiam
1287 1659 1288 1674 2

194 1713 280 1792 plura
304 1720 335 1773 et
357 1715 485 1794 saepius,
508 1713 560 1774 sed
579 1712 744 1793 intervallo,
767 1713 824 1773 hoc
848 1721 894 1773 est
917 1731 977 1773 non
1001 1713 1089 1774 simul
1109 1715 1212 1774 omnia
1287 1751 1288 1756 κ

194 1802 259 1862 dari
287 1808 406 1880 oportet
432 1810 463 1862 et
486 1808 549 1862 tum
573 1803 709 1881 maxime,
733 1819 800 1862 cum
829 1803 962 1862 tussiunt
989 1809 1020 1862 et
1042 1801 1214 1880 praefocari

194 1890 333 1950 videntur
357 1889 576 1968 difficulterque
600 1893 715 1970 spirant
743 1892 803 1950 sive
827 1891 915 1951 etiam
939 1909 998 1950 non
1022 1892 1157 1951 tussiunt
1179 1898 1213 1951 et

194 1978 300 2056 flegma
327 1977 385 2036 illis
413 1979 540 2038 interius
568 1981 720 2058 coquitur,
748 1978 813 2038 dari
835 1977 937 2058 debet,
965 1981 1104 2056 protinus
1127 1981 1211 2039 enim
1225 1992 1249 2030 ²⁰

194 2072 343 2144 excreant,
362 2083 437 2144 quae
452 2065 580 2145 obstant,
599 2074 630 2126 et
648 2069 806 2128 transitum
826 2069 949 2146 spiritus
968 2067 1079 2128 hahent
1098 2076 1128 2129 et
1147 2075 1212 2128 tus-

194 2157 254 2214 sire
278 2153 427 2214 desinunt.

158 2251 174 2298 9
282 2240 416 2302 Alterum
439 2242 689 2304 medicamentum
712 2244 749 2304 ad
772 2251 884 2304 tussem
909 2244 1021 2304 aridam
1050 2244 1212 2306 coniicitur

194 2333 253 2392 sic:
275 2328 416 2392 Nasturci
439 2334 560 2392 animati
582 2334 705 2392 seminis
731 2334 858 2413 unciam,
881 2332 984 2394 alterci
1008 2335 1131 2393 seminis
1155 2351 1210 2393 uu*

194 2423 282 2499 ciam,
310 2422 361 2499 opi
383 2419 453 2502 al,
482 2439 597 2501 myrrae
628 2422 824 2500 semunciam,
853 2421 975 2482 sulfuris
1003 2423 1062 2482 riri
1090 2440 1210 2482 semun-
1224 2433 1248 2473 ²⁶

193 2511 283 2588 ciam,
310 2511 424 2588 piperis
451 2509 510 2569 albi
536 2511 664 2570 unciam.
710 2509 795 2569 Melle
824 2509 973 2588 colligitur
1000 2509 1057 2570 hoc
1079 2510 1210 2571 medica·

194 2606 340 2678 mentum,
369 2597 457 2659 datur
480 2597 563 2659 labae
586 2599 781 2676 Aegyptiacae
807 2599 1010 2676 magnitudine
1034 2617 1070 2658 ex
1094 2598 1210 2677 cyathis

193 2705 286 2767 aquae
309 2685 420 2747 calidae
443 2686 541 2747 trihus
564 2689 595 2746 in
619 2693 746 2746 noctem.
782 2684 866 2747 Facit
887 2694 986 2748 autem
1005 2686 1062 2747 hoc
1080 2687 1208 2748 medica-

192 2783 326 2835 mentum
350 2774 439 2834 etad
462 2774 565 2835 lateris
588 2773 722 2835 dolorem
745 2783 775 2835 et
798 2775 834 2834 ad
856 2775 1001 2836 stomachi
1023 2775 1208 2837 inflationem

192 2863 445 2942 gravidinemque,
468 2862 605 2923 coeliacis
629 2881 762 2946 quoque,
786 2865 837 2941 qui
861 2864 959 2926 subito
983 2865 1123 2924 universa
1147 2864 1206 2925 dei·
1220 2877 1243 2916 ³0

192 2952 285 3031 ciunt,
313 2950 436 3029 prodest
463 2958 493 3010 et
516 2949 626 3012 dolenti
661 2951 884 3031 superpositum
914 2952 960 3012 rel
988 2952 1207 3014 circumdatum

193 3039 277 3099 denti
306 3048 337 3099 et
363 3040 390 3098 si
418 3057 525 3099 exesus
553 3047 611 3118 est,
638 3041 670 3100 in
694 3058 850 3102 cavernam
875 3043 939 3101 eius
962 3043 1110 3101 insertum
1134 3041 1207 3102 utile

193 3135 251 3208 est3
274 3133 428 3207 praeterea
451 3127 487 3187 ad
510 3127 652 3188 horrores
675 3127 788 3189 febrem
807 3129 1030 3211 praecedentes,
1054 3148 1131 3208 qrrae
1151 3132 1207 3191 cir-

192 3219 308 3278 cuitum
330 3215 432 3297 habet,
455 3216 557 3277 datum
580 3225 647 3278 ante
675 3217 779 3277 horam
808 3221 987 3280 accessionis
1013 3218 1206 3280 rrtilissimnm

263 3422 461 3490 aglaitinoso.
507 3422 708 3491 opericulum.
754 3422 994 3480 utrocloditidos.
1044 3429 1079 3478 tto
1092 3423 1204 3479 flecma

192 3497 226 3545 21
245 3491 361 3546 obstent
378 3491 517 3548 Scribens
535 3494 643 3561 optant.
715 3492 859 3547 transitus.
932 3499 967 3548 24
985 3495 1117 3550 nasturci.
