2609 4017
583 165 822 230 -180-

141 341 176 391 30
194 329 274 388 sicut
292 336 427 389 cerotum
445 326 568 388 linteolo
585 326 738 388 inductam
752 328 855 406 inponi
869 334 996 406 oportet.
1025 326 1068 387 De
1083 345 1208 407 parony·
1291 383 1292 392 a

193 416 260 478 chia
283 418 427 496 parietem
450 418 606 494 continges
633 424 664 476 et
691 434 812 477 rursum
840 415 966 494 digitum
989 415 1103 476 ducens
1127 414 1209 477 dices

191 514 254 567 ter:
267 504 311 566 Pu
325 524 367 584 pu
380 523 431 585 pu,
445 522 608 585 numquam
622 523 678 584 ego
692 511 721 565 te
738 503 850 565 videam
864 522 919 583 per
931 505 1078 578 parietem
1092 522 1208 584 repere.

140 607 173 656 31
281 594 326 654 tc
350 593 510 672 digitorum
534 601 564 654 et
587 593 781 654 articulorum
804 591 973 654 subluvium
996 592 1043 653 val
1063 611 1208 673 suppura·
1292 669 1293 674 ἵ

192 685 305 744 donem
332 681 492 742 sedandam
519 690 717 743 atramentum
745 684 937 760 scriptorium
964 700 1000 742 ex
1026 690 1113 743 aceto
1135 691 1234 743 tam-e

192 789 263 850 pera
287 778 317 831 et
339 770 377 831 de
398 769 520 850 pinnula
542 770 635 831 inlina
661 770 787 849 digitum
806 770 853 831 vel
870 770 1029 831 articulum
1049 770 1207 850 dolentem,

192 859 331 921 lucernae
361 878 479 939 quoque
508 860 631 938 lungum
660 868 782 920 contere
815 867 855 934 et,
871 861 982 940 inpone
1009 859 1207 939 paronychiae

193 946 239 1008 vel
262 947 354 1027 digito
378 957 513 1009 contuso,

140 1048 174 1098 aa
282 1037 326 1097 td
345 1036 439 1098 cubiti
457 1040 560 1098 uuum
579 1036 626 1097 vel
645 1035 778 1098 dolorem
797 1054 901 1115 spuma
920 1038 1038 1116 argenti
1053 1038 1125 1098 trita
1139 1056 1208 1099 eum

193 1123 259 1187 oleo
281 1144 404 1188 rosaceo
428 1126 580 1205 emplastri
602 1125 690 1188 modo
714 1125 828 1187 utiliter
851 1125 1032 1187 admovetur.
1222 1143 1247 1182 ro

594 1320 674 1382 cte.
693 1319 805 1381 XVllll.

192 1431 247 1487 Ad
268 1431 438 1487 lichenem
460 1430 530 1487 sive
553 1436 767 1502 mentagram
789 1431 847 1488 vel
868 1431 1089 1501 inpetiginem
1111 1433 1146 1488 et
1165 1433 1209 1488 sd

194 1519 452 1590 elephantiasim
474 1522 510 1576 et
531 1520 662 1591 lepram
685 1523 720 1577 et
743 1521 983 1577 exanthemata
1003 1523 1037 1576 et
1054 1520 1209 1577 maculas

193 1613 229 1666 et
246 1609 371 1665 livores
384 1611 606 1679 tumoresque
620 1610 663 1665 de
678 1609 765 1666 faeie
783 1608 969 1665 abolendos
987 1612 1022 1665 et
1040 1611 1086 1665 ad
1105 1623 1209 1678 genae

193 1700 329 1754 scabras
353 1701 388 1754 et
411 1697 584 1755 cicatrices
605 1699 776 1754 malarum
798 1698 992 1768 purgandas
1016 1700 1052 1753 et
1074 1699 1120 1753 ad
1136 1698 1208 1754 len-

192 1787 314 1856 tigines
347 1789 382 1842 et
409 1787 566 1855 stigmata
598 1787 745 1843 delenda
775 1799 1005 1855 verrucaeque
1036 1786 1209 1843 tollendas
1295 1845 1296 1854 ,

285 1875 437 1931 remedie
458 1875 671 1931 rationabilia
695 1879 729 1932 et
751 1874 890 1945 physica
914 1875 1048 1932 diversa
1071 1877 1114 1932 de

573 1963 825 2034 experimentis.

160 2113 174 2160 1
282 2097 327 2158 lo
349 2097 498 2159 lichenem
521 2101 582 2160 sive
600 2108 794 2181 mentagram‚
817 2099 896 2180 quod
915 2101 1018 2161 vitium
1037 2100 1209 2180 neglectum

193 2185 270 2247 solet
296 2204 351 2266 per
380 2195 470 2249 totam
498 2187 603 2249 faciem
631 2197 662 2250 et
688 2208 743 2270 per
770 2196 866 2250 totum
894 2206 1003 2268 corpus
1031 2207 1156 2268 serpere
1180 2199 1209 2250 et

193 2274 296 2354 plures
318 2275 454 2337 homines
473 2279 643 2359 inquinare3
667 2296 734 2340 nam
755 2277 886 2338 Soranus
904 2277 1039 2339 medicus
1059 2278 1208 2358 quondam

194 2364 331 2425 ducentis
359 2365 529 2428 hominibus
557 2367 613 2428 hoc
641 2366 746 2428 morbo
774 2365 977 2428 laborantibus
1004 2366 1145 2428 curandis
1178 2369 1209 2428 in

193 2453 350 2532 Aquitania
373 2472 405 2515 se
424 2453 538 2516 locavit.
575 2454 653 2517 Huic
672 2473 743 2534 ergo
762 2455 924 2516 valetudini
942 2456 1069 2516 maxime
1088 2454 1253 2516 medan-1⁵

193 2550 244 2603 tur
272 2543 459 2605 cantharides
486 2545 573 2606 tritae
602 2552 632 2605 et
656 2544 758 2605 inlitae
773 2563 850 2614 eum
873 2562 946 2605 suco
969 2562 1043 2605 uvae
1066 2544 1208 2606 Amineae

193 2639 315 2692 etcum
338 2650 408 2692 sevo
432 2634 495 2694 ovis
518 2632 564 2694 vel
587 2651 702 2713 caprae,
726 2632 778 2694 sed
802 2635 886 2712 prius
907 2632 980 2694 laoie
1000 2631 1060 2693 lota
1079 2641 1109 2694 ct
1127 2634 1209 2694 nitro

158 2730 175 2779 t
193 2719 351 2799 diligenter
370 2728 472 2782 curata
486 2722 670 2783 medicamen
685 2722 856 2800 imponitur.
884 2721 983 2800 ddeps
998 2720 1082 2782 vituli
1101 2723 1211 2783 marini

158 2818 175 2867 a
193 2809 321 2887 inposita
340 2816 509 2889 mentagrae
526 2810 689 2889 plurimum
702 2810 834 2890 prodest.
866 2809 983 2871 Ficulni
997 2809 1097 2872 caules
1113 2813 1211 2872 teneri

283 3014 490 3083 tscriptorium
500 3015 668 3085 Stephanus.-
682 3014 849 3085 scriptorum
864 3012 1025 3071 Cametas.
1074 3022 1107 3071 13
1121 3016 1209 3072 Hune

194 3082 282 3139 mm
300 3089 350 3139 eat
366 3085 456 3153 ipsius
475 3085 604 3142 Marcelli
621 3093 671 3142 cat
691 3087 802 3142 librarii
819 3087 988 3158 neglegentia
1004 3089 1128 3156 grociter
1145 3103 1207 3144 eur·

193 3158 306 3224 ruptum
328 3169 383 3211 esse
405 3171 419 3211 e
440 3155 523 3212 Plini
544 3163 602 3214 act.
620 3159 682 3214 tice.
703 3157 828 3225 XXVI,
847 3161 865 3212 4
887 3162 1016 3228 apparet,
1040 3159 1121 3214 caiae
1143 3159 1211 3215 leaeo

193 3230 260 3281 ascet
272 3226 367 3282 saba.-
386 3228 492 3282 certum
506 3231 551 3283 est
564 3227 711 3283 Manilium
725 3226 880 3283 Cornutum
895 3243 910 3282 e
924 3229 1064 3298 praetoris
1079 3229 1210 3300 legatum

194 3314 381 3383 Aquitanicae
399 3315 560 3386 provinciae
574 3317 619 3372 HS
635 3305 684 3373 GU
698 3316 823 3372 elocasse
840 3316 872 3370 in
890 3333 923 3373 eo
940 3317 1038 3373 morbo
1053 3317 1212 3372 curandum

195 3399 266 3449 sese;
280 3386 317 3454 cf.
326 3385 526 3442 PseeeduPliee.
541 3389 575 3443 de
587 3389 680 3444 medic.
691 3387 712 3454 l,
722 3393 754 3443 18
765 3388 816 3456 (ed.
827 3387 922 3456 Ros.):
936 3386 1057 3443 Manlius
1068 3386 1211 3444 Cornutus

193 3456 308 3576 praetpr
325 3457 486 3526 provinciae
498 3456 685 3527 Aquitanicae
704 3458 815 3530 lagatus
829 3455 918 3530 (Hs)
932 3456 974 3513 CO
992 3458 1024 3514 iu
1040 3458 1095 3514 hoc
1109 3461 1213 3516 morbo

206 3527 301 3580 ocavit
319 3541 348 3581 se
368 3528 529 3583 curandum.

69 3626 193 3728 Ἴ
