2609 4017
484 211 524 220 -
572 174 634 239 191
682 211 725 220 --

94 340 133 398 tis
153 336 283 398 vinculis
301 353 422 397 rursum
438 353 605 416 perungere
620 345 651 398 et
665 338 772 398 irieare
788 346 883 399 totum
898 357 1007 418 corpus
1021 347 1110 418 atque

93 429 133 487 ita
159 427 302 486 varietate
322 425 457 485 ciborum
477 432 507 485 ct
524 428 731 505 perunctionis
750 426 935 488 stomachum
953 429 1111 508 proritare,

92 517 133 576 ita
158 522 199 575 ut.
217 514 390 575 reficiantur
413 513 486 574 alica
505 532 541 574 ex
561 514 656 576 mulso
676 523 727 576 aut
745 515 890 576 malorum
910 515 1110 596 cydoneorum

92 622 167 664 suco
196 602 244 663 vel
272 621 309 662 ex
337 604 437 681 granis
460 602 581 664 Punicis
609 604 687 664 iacto
716 613 766 664 aut
794 606 820 664 si
845 622 920 684 quos
943 607 1037 684 magis
1060 605 1110 666 de-

67 690 219 753 slectabit
246 691 352 770 frigida
380 709 484 771 posca3
517 693 682 753 secundum
709 711 784 772 quae
817 701 933 773 sumpta
966 702 997 756 et
1028 693 1111 774 apala

90 780 264 861 proderunt
285 797 338 839 ova
362 787 393 840 et
414 779 513 841 intubi
534 783 612 842 cocti
634 780 681 842 vel
700 799 759 842 non
783 783 861 842 cocti
883 801 919 843 ex
942 789 1026 844 aceto
1050 782 1111 843 dati

91 873 229 948 itemque
251 868 383 929 lactucae
407 876 438 929 et
461 868 561 930 caules
583 869 743 949 haplosiies
762 889 799 930 cx
816 889 906 950 posca
925 870 1042 933 decocti
1060 880 1111 933 aut

92 957 208 1037 ungula
230 959 354 1037 porcina
377 966 498 1018 excocta
521 965 551 1018 et
573 959 704 1040 madida3
729 959 812 1020 vulva
832 977 950 1038 quoque
971 968 1001 1021 et
1018 963 1110 1022 muri·

92 1066 146 1108 ces
174 1055 206 1108 et
233 1045 382 1125 pelorides
404 1045 567 1124 plurimum
588 1049 690 1108 iuvant
717 1056 748 1109 et
770 1065 926 1127 pomorum
950 1051 1111 1128 praecipue

53 1151 79 1190 ro
93 1134 184 1196 sorba
212 1142 243 1195 et
269 1134 344 1194 mala
371 1133 534 1196 orbiculata
561 1144 592 1196 et
618 1138 683 1216 pira
712 1136 891 1219 Scaudiana,
919 1135 1109 1198 Crustumina

94 1224 279 1303 Signinaque
306 1225 338 1283 in
364 1222 421 1284 olla
448 1226 592 1306 reposita3
624 1227 697 1286 item
723 1234 849 1305 prosunt
877 1244 951 1287 uvae
983 1244 1019 1286 ex
1053 1225 1109 1286 olla

94 1320 242 1392 sumptae.
282 1310 361 1372 Haeo
389 1313 470 1372 enim
492 1321 522 1373 et
544 1312 715 1374 huiusmodi
739 1332 814 1393 quac
838 1321 909 1374 sunt
932 1315 978 1375 bis
1002 1314 1108 1376 similia

94 1402 274 1462 confirmant
296 1400 495 1481 stomachum3
516 1401 624 1479 quibus
648 1404 725 1463 escis
749 1410 780 1463 et
802 1402 1030 1482 insequentibus
1049 1403 1110 1464 die-

94 1491 152 1551 bus
177 1491 223 1550 uti
246 1488 395 1568 oportebit
417 1489 559 1569 paulatim
587 1491 624 1550 ad
647 1490 895 1552 consuetudinem
919 1492 1111 1570 progredien-

56 1593 83 1634 15
97 1590 153 1661 tes,
176 1578 273 1638 donec
296 1579 378 1638 omni
398 1577 532 1639 molestia
555 1577 730 1640 liberentur.

187 1666 241 1727 Est
264 1674 295 1726 et
317 1665 390 1726 illud
413 1666 557 1735 stomachi
580 1669 699 1748 vitium,
728 1667 808 1746 quod
831 1685 900 1728 cum
924 1669 1057 1728 siccitate
1081 1674 1111 1727 et
1131 1681 1165 1728 lo

95 1756 204 1817 ardore
228 1756 293 1815 eius
316 1762 347 1815 ct
369 1757 419 1815 siti
441 1755 632 1835 inrequiebili
659 1763 703 1838 ct,
730 1762 764 1816 ut
786 1757 826 1816 ita
849 1755 958 1836 dicam,
986 1758 1111 1816 inextin-

95 1843 202 1924 guibili
225 1846 371 1924 nascitur;
395 1846 533 1905 eccausin
556 1844 612 1905 boc
636 1843 741 1905 Graeci
764 1852 883 1925 vocent,
910 1842 946 1904 ab
973 1863 1008 1904 eo
1032 1844 1111 1922 quod

97 1935 230 1994 exsiccat
248 1949 366 1992 omnem
385 1932 530 1993 stomachi
547 1951 691 1994 umorem.
726 1932 843 1993 Scimus
863 1932 1005 2012 quosdam
1020 1951 1112 1993 urnas

58 2038 84 2077 co
97 2040 194 2102 aquae
217 2019 330 2081 bibisse
349 2039 404 2081 nec
423 2023 503 2081 sitim
522 2021 618 2101 aliqua
638 2041 674 2082 ex
692 2029 777 2102 parte
796 2023 1013 2102 inpraesentia
1033 2041 1111 2083 com·

94 2112 260 2191 pescuisse.
305 2108 350 2170 tu
377 2109 434 2169 boc
462 2107 601 2170 denarius
630 2129 708 2172 unus
737 2110 781 2171 vel
814 2111 931 2190 pondus
963 2112 1112 2172 victoriati

95 2199 199 2260 datum
228 2217 264 2258 ex
292 2215 386 2276 aquae
414 2198 537 2277 trigidae
566 2199 679 2278 cyathis
706 2199 805 2261 tribus
836 2202 877 2261 ita
909 2199 1045 2281 prodest,
1078 2208 1111 2260 ut

95 2287 182 2356 iacile
206 2285 356 2347 abstinere
379 2304 396 2346 a
419 2295 493 2366 potu
515 2287 621 2348 diebus
644 2290 787 2367 proximis
810 2289 934 2368 possint.

185 2375 321 2436 Lienosis
345 2393 414 2435 vcro
434 2394 470 2435 ex
488 2394 578 2455 posca
597 2384 627 2436 et
644 2378 785 2438 iocineris
804 2376 945 2437 duritiem
965 2377 1115 2437 diutinam
1130 2388 1162 2436 11

54 2479 81 2521 as
95 2463 278 2525 habentibus
302 2481 338 2524 ex
361 2482 437 2543 aqua
456 2464 550 2525 mulsa
569 2464 671 2526 datum
691 2467 762 2526 satis
781 2466 920 2525 convenit
938 2482 993 2524 nec
1012 2466 1111 2525 minus

95 2553 277 2634 hydropicis,
301 2552 410 2631 quibus
432 2551 520 2614 datur
539 2553 641 2613 eadem
660 2555 784 2613 ratione.
816 2551 874 2612 Sed
893 2551 940 2611 his
958 2569 1013 2630 per
1031 2570 1109 2611 com·

94 2642 199 2722 plures
226 2641 291 2701 dies
318 2640 468 2722 oportebit
495 2644 526 2702 in
551 2644 684 2722 ptisanae
713 2658 847 2702 cremore
876 2641 940 2700 sine
968 2638 1028 2699 ullo
1054 2638 1110 2698 alio

94 2730 213 2810 liquore
242 2728 320 2811 dari;
347 2730 470 2810 prodest
499 2731 675 2810 compositio
702 2728 775 2790 haec
804 2735 834 2789 et
862 2727 926 2788 colo
954 2727 1054 2788 inflato
1081 2735 1110 2787 et

96 2821 207 2881 ceteris
235 2821 399 2900 intestinis3
428 2819 543 2880 futuras
571 2837 691 2899 quoque
714 2817 760 2878 vel
784 2819 841 2878 iam
865 2817 957 2878 iactas
981 2818 1110 2877 vomicas

55 2923 82 2963 eo
96 2908 193 2969 isdem
216 2906 352 2987 partibus
376 2917 427 2968 aut
450 2908 572 2969 discutit
594 2915 646 2968 aut
670 2906 798 2968 celerius
821 2907 925 2986 aperit.

185 2995 261 3057 ltem
280 3004 431 3057 menstrua
450 3004 549 3058 movet
567 2996 752 3077 mulieribus,
772 3015 848 3076 quae
865 2996 1025 3057 difficulter
1039 3014 1108 3075 pur·
1129 3008 1167 3057 12·

96 3093 219 3166 gantur3
246 3084 376 3146 dandum
404 3095 503 3147 autem
533 3087 590 3146 erit
617 3085 666 3146 his
693 3085 942 3147 medicamentum
965 3104 1000 3146 ex
1026 3103 1109 3163 aqua,

95 3177 126 3235 in
150 3192 210 3255 qua
228 3173 412 3254 decoquatur
430 3173 531 3255 herba,
555 3193 630 3255 quac
654 3176 804 3235 artemisia
823 3175 940 3254 dicitur,
964 3182 1015 3234 aut
1034 3189 1110 3252 quae

96 3264 262 3325 dictamnos
285 3262 458 3343 appellatur.
494 3263 592 3324 Etiam
615 3261 651 3323 ad
674 3262 797 3343 papulas
821 3273 851 3323 et
874 3280 990 3322 sacrum
1010 3263 1110 3338 ignem

188 3476 203 3524 t
228 3468 355 3526 lactucae
379 3471 473 3526 caules
496 3486 559 3525 cum
582 3469 659 3526 foliis
683 3487 717 3524 ex
742 3485 827 3540 posca
854 3464 964 3521 decocti
987 3464 1113 3522 Scriboc.

98 3546 130 3595 10
150 3539 306 3619 Scauriana
324 3542 485 3598 Carnarius.

1162 3702 1260 3810 ,ι
