2609 4017
464 180 706 244 -169-

95 362 176 405 nuces
194 346 294 423 pineas
312 346 462 404 resinosas
481 342 513 425 V,
532 361 625 422 aquae
644 339 675 402 8*
695 341 739 423 Vl,
758 342 853 404 mellis
872 343 903 403 P.
922 342 954 404 V.
987 343 1092 405 Omnia

94 432 158 494 hacc
179 435 209 493 in
232 451 337 512 aquam
360 432 483 494 nitidam
501 431 650 511 infundes,
673 433 713 492 ita
733 439 767 492 ut
785 431 820 491 ad
840 433 944 492 tertias
963 451 1091 512 coquan-

94 529 148 603 tur,
176 521 231 583 hoc
260 531 305 582 est
335 529 370 582 ut
402 520 491 582 simul
523 523 660 580 universa
693 520 729 580 ad
762 523 931 582 trisextium
964 523 1093 602 veniant,

93 621 184 689 postea
206 611 280 672 adde
303 629 393 691 supra
416 612 561 690 scriptum
588 608 685 669 mellis
712 609 843 690 pondus,
872 617 906 670 ut
933 610 969 670 ad
997 610 1093 671 mellis

73 702 199 763 eveniant
216 700 406 781 densitatem3
425 698 535 780 quibus
554 697 658 759 colatis
677 701 756 759 etin
775 701 851 759 uitro
867 700 994 760 conditis
1008 708 1093 761 terna

93 807 167 848 mane
188 789 338 869 cocliaria,
361 798 446 850 terna
470 806 608 867 vespere,
636 789 688 866 qui
712 805 801 868 supra
825 787 902 849 dicta
925 788 1093 850 valetudine

93 875 233 960 laborabit,
256 880 391 957 accipiet.

168 965 334 1046 Descriptio
353 967 513 1046 ecligmatii
530 966 565 1026 ad
583 964 755 1044 pulmonem
775 965 953 1026 curandum:
972 964 1147 1029 Herhae104

93 1053 298 1132 gladiatoriciae
326 1074 430 1137 sucus,
457 1054 512 1116 lilii
539 1054 665 1116 silvatici
693 1072 797 1135 sucus,
829 1052 975 1115 marrubii
1003 1073 1093 1116 sucus

62 1166 84 1205 ro
95 1145 184 1223 aequis
206 1147 357 1206 mensuris
375 1143 543 1225 parabitur3
565 1142 674 1205 deinde
693 1148 838 1222 quantum
856 1143 893 1204 de
911 1142 1009 1204 tribus
1028 1161 1093 1224 spe·

93 1232 183 1294 ciehus
205 1234 298 1295 luerit
321 1237 400 1315 suci,
427 1241 543 1295 tantum
569 1232 666 1293 mellis
688 1235 838 1312 mittetur,
866 1234 906 1294 ita
934 1239 968 1293 ut
990 1239 1093 1311 postea

93 1321 254 1384 insentario
268 1323 360 1384 huius
377 1323 583 1403 permixtionis
602 1323 660 1382 tria
677 1320 813 1383 cocliaria
833 1320 892 1382 olei
905 1321 1008 1382 viridis
1027 1323 1093 1382 mit-

93 1417 195 1492 tantur3
215 1411 295 1491 quod
314 1412 440 1474 tamdiu
459 1419 562 1491 postea
581 1418 737 1493 coquetur,
756 1410 896 1491 quamdiu
910 1410 1095 1472 medicamen

94 1498 124 1558 ad
144 1517 313 1562 mensuram
335 1500 431 1562 mellis
453 1502 565 1581 veniat,
588 1519 624 1560 ex
646 1500 705 1561 hoc
727 1502 846 1561 ieiunus
865 1501 991 1580 accipiat
1010 1508 1095 1560 terna

62 1609 82 1648 15
94 1587 218 1650 cocliaria
241 1598 360 1669 etpost
378 1608 481 1650 cenam
501 1597 596 1669 terna,
615 1591 668 1669 qui
685 1589 835 1668 pulmonis
851 1591 922 1648 vitio
941 1586 1095 1648 laborabit,

170 1678 324 1740 Confectio
347 1680 498 1740 unctionis
521 1678 556 1739 ad
581 1680 677 1756 ipsam
699 1676 848 1757 pulmonis
868 1694 1000 1737 causam:
1027 1675 1148 1739 Oleirob

94 1765 178 1827 mollis
196 1765 227 1828 θ
246 1767 270 1848 l,
294 1770 404 1848 cymini
426 1768 610 1847 quartarium
633 1766 715 1827 lento
739 1767 801 1843 igni
825 1774 884 1826 tam
904 1764 956 1825 diu
975 1783 1095 1844 coques,

93 1855 221 1931 quamdiu
249 1859 400 1937 cyminum
432 1864 647 1937 percoquatur,
682 1854 759 1935 quod
787 1862 889 1934 postea
923 1853 1034 1915 colabis
1066 1861 1096 1914 et

94 1941 173 2004 addes
200 1945 259 2007 olei
287 1943 511 2006 chamaemelini
537 1945 701 2026 heminam,
731 1943 788 2005 olei
816 1943 949 2004 anethini
979 1950 1095 2023 quarta-

62 2032 174 2113 sonum,
202 2035 261 2095 olei
288 2036 370 2095 rosei
396 2035 594 2114 quartarium,
623 2033 681 2095 olei
708 2036 822 2094 rutacei
849 2034 1011 2113 heminam,
1034 2052 1095 2094 me-

94 2119 179 2182 dullae
201 2124 340 2185 cervinae
360 2125 491 2184 recentis
512 2155 548 2165 -
566 2121 615 2203 111,
633 2122 728 2202 adipis
747 2125 901 2183 anserinae
920 2131 1009 2200 atque
1027 2140 1095 2201 por·

94 2210 167 2271 cinae
185 2214 316 2274 recentis
332 2244 371 2255 —
387 2211 434 2298 l'l,
452 2211 553 2291 butyri
572 2214 702 2272 recentis
722 2213 786 2272 sine
805 2211 865 2272 sale
883 2243 928 2254 —
945 2209 991 2290 Vl,
1010 2228 1096 2271 cerae

94 2294 210 2362 Punicae
233 2333 271 2344 -
288 2300 338 2362 lll.
369 2301 450 2360 llaec
468 2302 566 2361 omnia
589 2300 624 2361 ad
648 2318 789 2379 vaporem
812 2300 908 2361 soluta
931 2301 1096 2360 miscentur

95 2394 120 2444 et
140 2390 254 2466 quando
279 2407 367 2469 aeger
390 2391 484 2467 ungui
505 2388 608 2469 habet,
635 2388 721 2450 tolles
750 2408 786 2449 ex
812 2407 847 2449 eo
873 2390 976 2448 uncias
999 2386 1037 2448 Vl
1060 2387 1095 2448 ad

64 2475 253 2540 utriduanam
277 2480 449 2538 unctionem
476 2484 506 2537 et
533 2477 624 2538 addes
646 2477 707 2538 illic
732 2479 796 2537 suci
819 2476 856 2536 de
880 2477 966 2536 laeuo
989 2494 1096 2554 graeco

95 2565 185 2645 -Π,
212 2565 389 2644 febrifugiae
415 2565 515 2646 -ll,
542 2566 627 2627 lactis
649 2565 773 2626 humani
796 2565 993 2643 quartarium,
1017 2563 1096 2641 quod

94 2648 133 2712 lac
154 2654 207 2716 sub
226 2655 309 2734 hora,
333 2672 391 2733 qua
410 2672 497 2733 aeger
516 2654 695 2734 unguendus
714 2660 769 2734 est,
791 2654 928 2712 mittatur
947 2668 1003 2711 nec
1022 2651 1097 2710 cale·
1140 2692 1144 2702 .

95 2738 139 2800 fiat
163 2761 230 2805 cum
260 2745 370 2804 ceteris
398 2741 568 2823 speciebus,
597 2750 627 2803 et
654 2745 756 2803 iacens
784 2743 814 2801 iu
842 2739 919 2800 lecto
947 2747 1097 2817 unguatur

95 2824 164 2890 lenta
186 2833 259 2893 satis
281 2849 385 2912 manu3
408 2832 459 2892 sed
480 2839 547 2892 ante
566 2831 673 2904 lucem,
692 2837 848 2910 postquam
869 2835 979 2889 unctus
997 2828 1098 2908 fuerit,

63 2934 84 2974 so
95 2920 185 3062 ἓωῑίω
199 2919 245 2980 lac
259 2922 413 2980 vaccinum
427 2918 510 2979 bibat
524 2920 626 2980 eadem
641 2919 714 2979 hora
733 2917 872 3000 mulsum,
891 2936 951 2978 uon
970 2924 1097 2999 coctum,

112 3023 157 3066 um
179 3009 264 3070 calet.

156 3144 272 3200 tomba
289 3143 399 3212 pondus
417 3143 450 3196 ut
467 3142 504 3196 ud
522 3139 615 3196 mellis
633 3158 684 3197 om.
761 3141 883 3197 dvenit.
961 3139 1097 3196 tvalitu-

95 3209 160 3268 dine.
213 3212 396 3284 seligmatii.
450 3219 485 3268 20
503 3213 610 3268 rutaeei
629 3215 742 3283 scripsi.-
759 3211 881 3267 ranaeei.
936 3210 1096 3282 mungeri.

94 3279 183 3358 hebet]
211 3286 296 3341 debet
323 3285 482 3339 Ooruurios.
595 3288 628 3338 27
659 3285 769 3338 calefiat
795 3285 909 3353 scripsi:
941 3281 1096 3338 calefaciat.

94 3356 124 3406 29
140 3356 297 3428 postquam]
316 3358 389 3425 post.

1098 3726 1201 3978 ,
