2609 4017
598 242 635 251 -
684 206 835 270 222-

213 370 310 428 omnia
334 369 382 430 die
406 376 437 429 et
460 376 547 429 nocte
570 368 748 429 maceranda
771 377 850 429 sunt.
891 368 1138 429 Terebintbinam
1157 388 1220 429 vero

212 464 243 517 et
271 475 369 517 ceram
398 465 428 517 et
455 457 571 536 adipem
599 457 788 537 liquefactam
815 460 848 517 in
875 476 968 518 unum
996 459 1110 518 ceteris
1137 458 1221 518 admi·

115 560 125 575 ·
212 548 291 607 sceri
313 554 431 625 oportet
453 555 484 607 et
506 546 614 607 deinde
638 546 775 607 manibus
798 546 965 607 diutissime
992 546 1107 628 subigi,
1133 546 1221 607 donec

210 637 274 695 sine
297 635 460 695 offensione
483 635 626 713 malagma
649 637 933 714 temperatissimum
953 636 1012 696 liat.

159 735 192 783 15
298 723 343 783 ld
367 723 466 784 cordis
489 723 609 802 pulsum
632 727 694 785 sire
721 724 936 785 salissatiouem
958 726 1100 785 sucinum
1123 742 1242 784 verume

211 814 311 872 mittes
338 815 370 873 in
400 830 506 891 aquam
535 813 699 873 ferventem
728 821 759 873 et
790 812 851 873 illic
883 831 950 873 esse
979 814 1106 892 patieris
1138 820 1221 892 atque

210 900 279 960 inde
302 919 357 979 per
380 902 514 963 triduum
536 901 685 962 laboranti
707 901 839 980 singulos
862 901 984 981 cyathos
1003 902 1178 982 tepefactos,
1199 904 1221 961 si

210 991 334 1051 nimium
354 992 412 1051 erit
430 991 534 1071 frigus,
553 989 637 1051 dabis
655 990 814 1071 bibendos3
832 990 890 1051 hoc
904 990 1072 1052 remedium
1089 1001 1121 1051 et
1135 990 1220 1050 bomi-

210 1077 299 1139 nibus
322 1087 353 1140 et
375 1078 551 1141 animalibus
573 1079 704 1158 prodest.

617 1274 697 1336 CAP.
721 1273 810 1335 XXII.

234 1386 290 1440 Ad
319 1386 426 1455 epatis
455 1386 526 1441 sivo
555 1387 677 1442 iecoris
706 1386 789 1443 vitia
818 1386 933 1441 omnio
961 1388 997 1441 ot
1025 1384 1199 1440 molestias

244 1473 421 1531 universos
438 1476 591 1531 remedio
608 1475 821 1532 rationabilia
839 1477 874 1530 ot
891 1475 1033 1544 physica
1051 1474 1187 1529 divorso

554 1566 598 1620 de
621 1564 873 1633 experimentis.

172 1708 186 1757 1
295 1700 390 1762 Rutae
419 1701 562 1762 silvestris
589 1700 741 1779 manipulo
767 1703 799 1760 in
828 1699 916 1760 ollam
948 1717 1053 1759 novam
1084 1700 1250 1759 coniectore
1285 1723 1286 1754 t

207 1789 390 1869 decoctoque
418 1808 452 1851 ex
481 1789 578 1851 tribus
606 1789 734 1849 heminis
761 1807 854 1868 aquae
878 1789 914 1849 ad
937 1788 1086 1848 heminam
1111 1788 1218 1849 adicies

206 1878 302 1939 mellis
325 1877 430 1939 libram
453 1897 618 1957 rursusque
643 1878 758 1939 lerrere
782 1877 881 1958 lacios,
905 1896 940 1936 ex
959 1894 994 1936 eo
1012 1894 1067 1955 per
1086 1877 1218 1937 triduum

171 1968 307 2026 2ieiuno
333 1969 418 2045 potui
446 1967 529 2027 dabis
552 1968 693 2027 iocineris
715 1966 817 2027 dolore
843 1968 933 2026 nimio
957 1963 1114 2026 laboranti.
1155 1964 1218 2025 Hir-

206 2057 292 2115 cinus
320 2057 440 2133 sanguis
464 2054 559 2116 adhuc
589 2055 688 2116 calens
712 2074 802 2135 supra
825 2072 936 2135 prunas
959 2063 1103 2115 excoctus
1127 2063 1159 2115 et
1181 2057 1218 2115 ci-

170 2142 288 2203 3batui
317 2143 404 2204 datus
436 2145 536 2204 ieiuno
571 2146 738 2205 iocineroso
771 2144 884 2205 mederi
914 2143 1049 2204 traditur.
1097 2142 1250 2204 Viverrac

205 2238 282 2291 tosta
304 2231 427 2311 porcelli
449 2231 586 2294 lactantis
609 2234 696 2294 modo
720 2236 848 2294 inassata
876 2241 906 2294 et
933 2232 1000 2293 cibo
1025 2231 1095 2292 data
1118 2234 1217 2293 ieiuno

204 2322 278 2381 mire
301 2322 468 2382 iocineroso
492 2324 648 2383 succurrit.
830 2317 834 2322 ’

167 2418 185 2465 4
292 2409 414 2488 Epatice
438 2418 559 2490 experta
583 2413 640 2471 sic:
662 2410 752 2489 Piper
771 2410 870 2471 album
889 2417 920 2470 et
937 2403 1093 2470 masticem
1114 2411 1217 2489 aequis
1286 2473 1287 2492 p

204 2500 391 2577 portionibus
410 2500 518 2561 tundes
537 2507 567 2560 et
586 2497 725 2559 criblabis
743 2517 910 2577 rursusque
928 2501 960 2558 in
976 2499 1122 2558 mortario
1137 2506 1216 2559 teres
1286 2505 1287 2510 ’

87 2624 96 2637 =
203 2596 292 2666 atque
316 2591 356 2649 ita
379 2589 444 2649 oleo
463 2587 594 2667 Hispano
618 2590 729 2665 optimo
749 2584 938 2668 temperabis,
961 2595 995 2647 ut
1013 2590 1052 2648 sit
1070 2588 1248 2667 spissum3oo

202 2677 272 2738 inde
291 2680 436 2757 catapotia
455 2678 545 2738 iacies
563 2676 766 2755 magnitudine
785 2678 892 2737 ciceris
915 2694 1008 2755 eaque
1026 2677 1059 2735 in
1077 2676 1142 2736 sole
1162 2680 1214 2737 sic·

203 2764 293 2846 cabis,
311 2774 345 2826 ut
364 2766 539 2845 durescant3
557 2774 628 2826 tunc
642 2767 673 2825 in
688 2765 794 2845 pyxide
809 2765 953 2825 recondes
968 2772 1047 2825 etex
1062 2763 1111 2825 his
1125 2784 1214 2826 unam

202 2852 323 2930 pilulam
346 2856 446 2914 ieiuno
471 2858 501 2915 in
523 2873 578 2914 ovo
597 2854 702 2914 sorbili
719 2854 802 2915 dahis
822 2854 991 2933 adiciesque
1009 2871 1118 2933 parum
1136 2854 1214 2933 salis,

202 2940 253 3000 sed
276 2943 485 3018 pertriduum
509 2942 600 3003 dabis.

166 3037 182 3087 5
290 3028 415 3089 Tomori
440 3032 580 3091 iocineris
611 3032 745 3110 adprime
776 3031 913 3092 medetur
944 3030 1001 3091 hoc
1033 3030 1246 3091 remedium

201 3116 302 3177 lnnlae
325 3118 435 3179 radicis
453 3150 497 3161 -
511 3117 560 3198 lll,
584 3138 659 3197 quae
678 3119 789 3180 Graece
813 3120 923 3181 dicitur
943 3118 1103 3200 helenium,
1126 3119 1210 3180 deco

201 3224 276 3285 ques
298 3206 336 3267 ad
359 3207 470 3268 medias
493 3208 524 3268 in
548 3225 640 3286 aquae
665 3211 800 3269 sextariis
828 3207 925 3269 tribus
951 3216 1039 3287 atque
1062 3208 1210 3268 heminam

290 3366 311 3444 3.
326 3360 439 3443 subige..
506 3360 706 3429 tlepolecbus.
778 3360 908 3431 striges.
980 3360 1113 3417 bominis.

287 3436 541 3570 bbpgilbtirbbripsi:
554 3503 660 3570 potum.
696 3506 728 3555 15
737 3501 902 3570 iocinoroso,
912 3503 975 3557 item
986 3508 1027 3556 17.
1061 3508 1094 3557 22
1104 3500 1207 3573 pixide.

199 3575 233 3623 26
251 3570 369 3626 radices.
441 3571 550 3626 Graeci.
622 3578 657 3626 27
676 3588 757 3640 aquo.
