2609 4017
506 176 746 240 —347-

113 349 148 403 ut
175 341 264 403 modo
293 342 414 422 glutinis
438 343 643 423 adhaerescat,
672 346 759 423 pueri
786 363 857 405 vero
882 346 1075 406 continentur
1097 347 1128 407 in

113 431 233 512 lectulo,
256 432 352 493 donec
375 435 472 493 omnis
496 433 650 511 turpitudo
674 435 863 512 reprimatur.

204 520 380 600 Cyclaminis
403 539 509 582 sucum
529 521 614 582 melle
633 521 723 602 Lycio
746 521 910 602 aequaliter
932 523 1072 601 miscebis
1096 535 1126 586 et
1145 538 1177 588 61

111 609 183 670 inde
202 609 366 690 pendentes
385 610 539 672 testiculos
557 610 676 693 inlines,
698 613 842 690 optimum
866 613 963 673 fertur
981 630 1047 673 esse
1066 631 1126 674 me·

78 714 96 755 6
112 699 257 760 dicamen.

203 787 242 848 Ut
270 787 439 848 eunuchum
468 789 531 848 sine
559 788 639 848 lerro
667 788 770 868 iacias,
800 788 917 850 radices
944 792 1060 852 cicutae
1090 809 1126 852 ex
1146 803 1179 853 62

111 884 197 937 aceto
221 885 301 937 teres
325 883 355 936 et
377 875 446 936 iude
470 876 623 938 testiculos
647 878 828 956 spississima
846 878 964 958 inlines,
987 887 1050 940 tum
1070 879 1125 940 lin·

111 965 224 1027 teolnm
253 983 343 1044 supra
365 964 484 1048 ligabis,
512 983 549 1025 ne
573 966 690 1027 excidat
712 965 905 1028 medicamen.
946 966 1010 1029 Hoc
1034 987 1125 1047 quan-

110 1061 178 1115 tum
201 1053 400 1115 tenerioribus
418 1053 582 1115 infantibus
601 1054 718 1134 leceris,
741 1063 850 1115 eventu
871 1055 1037 1117 efficaciore
1056 1074 1125 1135 pro·

61 1161 95 1200 1o
111 1145 221 1204 veniet.
261 1142 360 1203 Herba
384 1151 444 1222 est,
472 1160 547 1222 quae
571 1141 683 1203 Graece
709 1143 885 1224 nymphaea,
913 1143 1017 1205 Latine
1045 1146 1124 1207 clava
1144 1157 1178 1206 63

110 1231 259 1314 1166661116,
283 1230 392 1292 Gallice
415 1231 523 1292 baditis
543 1230 722 1312 appellatur,
744 1233 809 1292 eius
828 1232 911 1293 radix
930 1233 1125 1295 contunditur

111 1329 142 1381 et
166 1338 202 1381 ex
226 1328 309 1381 aceto
329 1319 442 1380 edenda
461 1320 548 1380 datur
567 1338 661 1398 puero
679 1338 733 1399 per
752 1323 910 1382 continuos
929 1321 1031 1383 decem
1051 1323 1123 1403 dies,
1204 1392 1210 1397 ,

110 1409 279 1470 mirandum
301 1412 332 1469 iu
355 1408 476 1469 modum
499 1409 550 1469 fiet
573 1409 737 1470 eunuchus.

200 1497 363 1580 Mulierem,
386 1515 475 1576 quam
494 1505 527 1559 tu
545 1496 696 1578 habueris,
719 1506 753 1558 nt
771 1515 932 1578 numquam
952 1499 1028 1560 alius
1046 1502 1122 1561 inire
1142 1511 1177 1560 64

64 1603 95 1644 1⁵
109 1589 219 1667 possit,
247 1587 338 1648 iacies
364 1585 435 1648 hoc:
475 1584 616 1647 Lacertae
644 1586 747 1646 viridis
775 1589 857 1646 vivae
886 1589 1006 1648 sinistra
1034 1606 1123 1649 manu

110 1675 235 1736 caudam
265 1674 396 1736 curtabis
425 1692 548 1753 eamque
577 1677 672 1735 vivam
696 1675 841 1755 dimittes;
869 1676 1004 1757 caudam,
1028 1677 1123 1737 donec

108 1765 297 1844 inmoriatur,
320 1763 422 1824 eadem
445 1762 542 1842 palma
565 1763 695 1823 clausam
714 1763 830 1823 tenebis
850 1771 880 1824 et
897 1763 1055 1825 mulierem
1073 1783 1122 1826 re·

109 1853 262 1932 66666666
285 1854 359 1933 eins,
383 1852 453 1913 dum
478 1869 546 1912 cum
570 1869 604 1911 66
627 1854 699 1932 cois,
723 1858 819 1930 tange.

201 1940 233 2001 Si
256 1959 344 2020 quem
368 1940 403 2000 ad
428 1958 515 2000 usum
539 1941 694 2000 venerium
717 1939 869 2000 infirmum
893 1940 1023 2002 volueris
1046 1961 1121 2024 esse,
1141 1953 1175 2004 ao

64 2049 92 2089 no
108 2028 291 2108 ubicumque
319 2031 473 2111 minxerit,
505 2046 595 2106 supra
627 2028 732 2088 lotium
764 2031 829 2089 eius
857 2029 985 2112 obicem,
1017 2031 1047 2092 id
1077 2042 1123 2093 est

107 2118 281 2197 axedonem,
306 2135 341 2178 ex
365 2136 422 2179 usu
446 2118 527 2194 figes.

198 2206 237 2266 Ut
260 2205 351 2267 rebus
374 2207 503 2266 veneriis
527 2214 613 2285 aptus
637 2207 692 2287 sie,
721 2208 807 2286 piper
835 2210 940 2269 tritum
963 2227 1032 2270 cum
1055 2209 1174 2270 616666

108 2305 139 2356 61
161 2295 248 2356 melle
272 2297 364 2356 misce
388 2303 509 2355 etcum
533 2297 613 2355 coire
638 2294 726 2373 voles,
750 2296 878 2357 verenda
901 2297 956 2357 tibi
979 2298 1078 2359 inline.

198 2383 312 2444 Nocere
336 2401 424 2462 posse
447 2383 565 2443 leminis
585 2383 697 2463 dicunt,
720 2385 833 2462 siquis
854 2384 1055 2446 membranam
1074 2389 1122 2448 ovi
1141 2397 1173 2447 67

65 2477 93 2531 ss
108 2472 214 2534 balano
238 2491 291 2533 sno
315 2474 431 2550 ingerat
454 2479 485 2532 et
508 2489 575 2532 cum
599 2472 707 2531 semina
731 2479 823 2531 coeat.

199 2560 232 2621 Si
257 2579 346 2640 quem
374 2563 455 2621 coire
483 2559 566 2620 noles
589 2559 715 2638 fierique
738 2560 842 2637 cupies
865 2561 895 2619 in
919 2578 977 2620 usu
1000 2564 1121 2623 venerio
1140 2574 1173 2623 66

107 2649 278 2729 tardiorem,
297 2650 334 2710 de
352 2649 483 2730 lucerna,
503 2665 578 2727 6666
597 2655 703 2728 sponte
723 2649 923 2728 extinguetur,
946 2650 1053 2728 fungos
1072 2650 1120 2710 ad·

107 2738 168 2799 huc
191 2740 323 2799 viventes
346 2740 376 2799 in
399 2739 521 2816 potione
540 2738 605 2798 eius
624 2739 764 2814 extingue
783 2735 1001 2817 bibendamque
1024 2741 1119 2800 inscio

108 2827 202 2906 trade,
226 2827 382 2887 confestim
405 2824 604 2886 enervabitur.

66 2933 94 2974 oo
198 2914 231 2976 Si
245 2933 334 2994 quem
349 2914 430 2975 voles
444 2933 498 2994 per
511 2921 629 2976 noctem
645 2932 713 2975 oum
727 2914 837 2975 femina
851 2915 932 2975 coire
946 2933 1006 2975 non
1021 2935 1119 2998 posse,
1139 2928 1172 2979 69

108 3002 252 3082 pistillum
272 3011 445 3065 coronatum
465 3002 520 3064 suh
539 3002 618 3063 lectu
637 3001 717 3063 illius
736 3021 822 3081 pone.
860 3002 968 3064 Semen
986 3004 1119 3066 lactucae
1139 3017 1172 3068 ⁷0

108 3093 212 3152 tritum
236 3110 272 3153 ex
296 3110 370 3171 aqua
394 3098 497 3171 potum
521 3093 654 3169 vigorem
678 3093 775 3151 coitus
798 3100 927 3153 enervat.

197 3180 326 3242 Naturae
355 3183 416 3240 sive
439 3188 557 3242 veretro
580 3179 657 3240 virili
681 3180 846 3240 remedium
870 3181 973 3240 efficax
997 3183 1048 3242 sic.
1087 3180 1118 3242 st
1138 3195 1171 3244 ⁷1

107 3270 139 3329 in
157 3278 275 3330 veretro
299 3287 415 3330 stimmo
434 3269 534 3331 clavus
553 3276 640 3329 natus
659 3269 750 3330 inerit
768 3267 881 3329 habens
900 3268 1008 3328 callum
1026 3287 1117 3349 puru-

197 3474 369 3545 lglnttinis.
447 3474 654 3544 imprimetur.
734 3472 864 3528 blaciae.
943 3478 975 3527 11
995 3473 1118 3546 nimphe.

110 3551 143 3600 16
162 3545 249 3616 cogis.
322 3552 356 3601 20
375 3545 503 3601 muxerit.
577 3551 609 3601 31
628 3546 705 3601 lectu
724 3546 797 3616 (sich
816 3543 891 3600 lecto
912 3542 1071 3603 Coruoriue.
