2609 4017
526 193 743 258 -45-

125 358 291 418 contritum
320 365 350 417 et
377 374 413 416 ex
442 355 528 416 melle
555 358 719 435 inpositum
748 359 885 418 universa
908 356 1009 417 ulcera
1032 359 1143 436 optime

125 454 243 526 purgat.
283 445 381 506 hlium
405 446 569 506 contritum
592 464 662 507 eum
680 444 823 524 sulphure
841 453 873 506 et
890 448 990 506 resina
1008 444 1144 507 ulcerum
1162 457 1199 505 44

125 543 156 596 et
180 534 349 596 fistularum
373 533 522 613 quaelihet
544 536 615 596 vitia
634 534 771 595 extrahit.
810 533 916 595 Vetera
935 534 1036 596 ulcera
1055 537 1145 596 etiam
1163 544 1197 595 45

128 626 283 684 carcinosa
306 622 401 683 loveri
429 622 539 684 debent
566 642 641 702 aqua
669 623 776 704 calida,
804 626 916 703 inqua
940 630 1060 685 excocta
1084 625 1145 685 sint

97 712 231 773 sholera
261 712 393 794 diversa,
429 711 537 772 deinde
569 714 634 791 ipsa
666 712 768 773 holera
802 714 871 773 trita
901 714 927 773 si
953 714 1143 792 inponantur,

126 800 212 861 valde
229 809 365 880 prosunt.
395 800 502 861 Farina
522 800 575 861 lini
594 803 717 861 seminis
735 800 781 861 vel
800 801 894 862 fauna
913 804 976 861 ervi
994 801 1040 862 vel
1058 801 1143 863 lenti·
1162 810 1197 861 45

127 889 212 951 culae
236 889 358 950 decocta
386 896 416 949 et
443 907 480 949 ex
508 888 594 950 melle
623 890 757 969 adposita
780 892 1011 968 suppurationes
1035 899 1066 951 et
1089 909 1142 969 pu·

127 978 223 1039 stulas
246 978 381 1045 ulcerum
405 990 501 1059 sanat,
525 980 614 1039 etiam
637 978 817 1057 genitalibus
840 976 1043 1039 laborantibus
1066 977 1142 1039 bene

127 1068 265 1129 adicitur.
298 1066 379 1127 Ciuis
398 1068 503 1127 vitium
522 1085 591 1128 cum
610 1069 736 1146 axungia
755 1076 856 1129 vetere
874 1068 1021 1146 inpositus
1039 1076 1144 1147 pustu·
1162 1075 1197 1125 rt

83 1174 113 1214 ιο
128 1156 173 1217 las
197 1174 301 1216 omnes
319 1157 351 1215 in
370 1154 502 1234 qualibet
519 1162 603 1234 perte
623 1158 759 1235 corporis
778 1164 864 1217 curat
882 1164 913 1216 et
931 1165 1022 1216 sanat.
1063 1155 1145 1216 Folia
1164 1164 1198 1213 48

129 1245 223 1305 olivae
247 1244 489 1305 commanducata
512 1252 541 1305 et
559 1246 688 1324 inposita
707 1244 858 1306 ulceribus
877 1244 1065 1306 manantibus
1085 1263 1144 1305 me-

128 1333 249 1394 dentur.
289 1332 416 1393 Oleastri
439 1331 579 1395 cauliculi
601 1335 698 1394 teneri
721 1334 837 1394 decocti
861 1340 978 1394 etcum
997 1333 1083 1394 melle
1101 1336 1145 1395 in·
1164 1341 1199 1390 45

128 1424 221 1502 positi
249 1437 355 1481 carnes
382 1438 472 1500 supra
500 1421 601 1481 oscula
630 1424 662 1482 in
695 1421 869 1483 vulneribus
902 1421 1051 1501 quaelihet
1078 1440 1145 1501 pro·

129 1510 235 1571 hibent
258 1527 440 1571 excrescere.
468 1508 566 1570 Herba
586 1508 752 1571 chelidonia
771 1512 900 1571 contrita
918 1518 1036 1572 etcum
1054 1529 1145 1571 axun-
1165 1517 1199 1567 55

85 1616 115 1658 15
129 1601 177 1679 gia
206 1607 307 1660 vetere
335 1597 457 1659 subacta
485 1606 516 1658 et
542 1600 671 1677 inposita
702 1598 805 1661 ulcera
837 1605 954 1660 vetusta
986 1607 1017 1659 et
1048 1601 1146 1678 putria

129 1696 241 1769 purgat
263 1696 294 1748 ct
316 1694 408 1747 sanat.
449 1685 547 1747 Nuces
565 1688 720 1765 iuglandes
737 1695 909 1767 perveteres
928 1689 1073 1748 contritae
1092 1686 1146 1767 vel,
1165 1694 1198 1745 51
1302 1695 1303 1698 ’

131 1776 211 1857 quod
240 1775 348 1836 melius
381 1783 440 1855 est,
471 1777 732 1838 commanducatae
763 1784 794 1837 et
824 1777 970 1855 inpositae
998 1776 1147 1855 singulare

130 1865 299 1927 remedium
326 1863 478 1925 ulceribus
505 1873 667 1944 praestant.
709 1864 836 1925 Glandes
865 1864 902 1925 de
928 1864 1036 1925 robore
1059 1867 1146 1926 tritae
1167 1872 1201 1921 52

131 1973 201 2017 cum
225 1955 351 2034 axungia
375 1961 405 2014 et
427 1955 572 2032 inpositae
596 1953 734 2035 duritias,
763 1972 837 2034 quas
860 1952 1017 2015 cacoethes
1040 1954 1148 2016 medici

87 2062 116 2101 so
131 2052 248 2124 vocant,
263 2042 422 2104 emendant
436 2052 466 2104 et
480 2044 654 2121 reprimunt.
687 2043 740 2104 Pix
754 2042 871 2105 Bruttia
885 2061 953 2103 cum
972 2042 1058 2104 melle
1077 2045 1147 2103 trita
1167 2050 1200 2100 55

132 2140 164 2194 51
191 2134 320 2212 inposita
348 2131 448 2193 ulcera
476 2133 574 2192 omnia
601 2143 710 2210 purgat
733 2141 762 2193 et
786 2139 883 2212 sanat,
912 2132 1015 2192 eadem
1037 2134 1088 2212 pix
1111 2150 1147 2191 ex

131 2240 189 2283 uva
212 2239 298 2300 passa
321 2229 445 2300 purgata
469 2228 590 2281 etcum
614 2222 741 2299 axungia
764 2229 864 2281 vetere
887 2222 1016 2298 inposita
1041 2220 1148 2281 ulceri·

132 2310 190 2371 hus
218 2310 363 2371 medetur.
408 2308 505 2389 Aqua,
533 2311 564 2369 in
593 2327 650 2388 qua
673 2309 831 2371 lentiscum
855 2309 1024 2388 decoxeris,
1047 2308 1147 2369 ulcera
1167 2314 1202 2365 54

133 2417 211 2478 quae
235 2405 360 2478 serpunt
382 2397 496 2459 utiliter
519 2397 640 2458 fovebis.
676 2398 793 2459 Hedera
816 2417 853 2459 ex
876 2400 943 2459 rino
963 2399 1085 2460 decocta
1104 2396 1146 2458 ul·
1167 2404 1201 2453 55

89 2503 118 2545 sn
134 2486 267 2567 ceribus,
291 2485 529 2566 quibuscumque
553 2488 720 2567 inponitur,
743 2486 874 2565 prodest.
911 2486 993 2547 Ciuis
1016 2505 1052 2547 ex
1075 2488 1147 2547 ossi·
1167 2494 1201 2543 55

132 2576 191 2637 bus
215 2593 357 2655 agnorum
381 2583 463 2635 recte
487 2574 644 2636 adhibetur
668 2574 829 2650 ulceribus,
854 2593 929 2653 quae
948 2592 1008 2634 non
1026 2574 1149 2635 trahunt

134 2666 313 2726 cicatricem.
354 2662 459 2724 Pulmo
487 2666 631 2724 arietinus
658 2662 772 2723 calidus
795 2662 948 2741 adpositus
971 2680 1077 2722 carnes
1100 2680 1148 2721 ex·
1168 2670 1201 2719 ot

134 2760 306 2814 crescentes
333 2754 364 2813 in
392 2751 566 2813 vrrlneribus
593 2759 737 2831 exaequat
760 2761 791 2812 et
813 2753 958 2831 reprimit.
998 2748 1063 2811 Vim
1088 2768 1148 2811 ser·
1168 2758 1202 2808 55

134 2845 270 2922 pentium
295 2840 429 2902 ulcerum
454 2850 573 2902 coercet
596 2840 659 2901 calx
685 2842 750 2901 riva
772 2859 808 2900 ex
831 2849 915 2901 aceto
937 2847 967 2901 et
984 2839 1050 2901 oleo
1069 2858 1149 2901 rosa·

93 2948 123 2988 oo
137 2949 191 2992 ceo
215 2939 378 3009 temperata
400 2937 490 3009 atquc
513 2929 610 3011 inlita,
638 2947 763 2990 rosaceo
791 2938 889 2990 autem
918 2938 948 2991 et
975 2948 1061 2990 cerae
1084 2948 1150 3009 per·

137 3021 229 3081 mixta
251 3037 320 3079 mox
343 3018 482 3098 perducit
504 3017 540 3078 ad
564 3020 742 3079 cicatricem.
781 3018 984 3080 Carcinomata
1008 3027 1152 3080 curantur
1171 3026 1204 3075 55

138 3108 261 3186 coagulo
284 3107 396 3187 leporis
419 3125 488 3168 cum
511 3109 576 3186 pari
598 3107 730 3186 pondere
754 3110 903 3190 capparis,
934 3108 1013 3188 quod
1037 3116 1151 3169 utrum·

139 3214 197 3276 que
222 3199 289 3256 rino
312 3214 467 3276 aspersum
490 3214 548 3256 una
572 3198 680 3257 teritur
699 3205 730 3257 et
748 3198 792 3257 sic
811 3196 977 3278 adponitur.
1014 3195 1152 3256 Carcino-
1171 3205 1205 3254 55

139 3287 235 3365 matiS,
260 3303 335 3364 quae
358 3293 483 3364 serpunt
507 3286 586 3344 circa
605 3284 715 3365 ulcera,
739 3284 779 3346 151
800 3288 936 3346 ursinum
956 3283 1002 3344 rel
1021 3285 1096 3343 cinis
1116 3284 1152 3344 dc

96 3389 125 3431 55
140 3375 215 3434 asini
238 3372 348 3451 ungula
371 3381 474 3434 exusta
493 3391 547 3451 per
566 3373 718 3451 pinnulam
738 3372 814 3434 hene
833 3373 1000 3452 adponitur.
1037 3371 1151 3450 Ulcera,
1171 3381 1204 3430 51
1299 3427 1302 3432 ,

140 3480 215 3541 quae
239 3462 388 3523 sordidata
412 3470 490 3542 sunt,
514 3462 575 3521 limi
598 3462 716 3522 vitulini
739 3464 840 3522 cinere
864 3470 894 3520 et
915 3459 1055 3521 muliebri
1076 3460 1152 3521 lacte

138 3560 313 3631 purgantur.
353 3549 484 3611 Vetustis
508 3549 660 3611 ulceribus
683 3552 830 3610 vettonica
854 3566 922 3610 cum
945 3549 1006 3610 sale
1024 3551 1153 3611 contrita
1172 3556 1206 3605 62

1119 3725 1196 3832 ,s
