2609 4017
569 129 812 194 —238-

187 302 218 355 et
245 312 343 374 pauno
371 292 527 353 inductum
556 310 647 370 super
676 292 809 370 splenem
836 292 970 370 inponite
994 299 1025 351 et
1046 308 1108 351 una
1130 290 1198 349 hora

187 384 315 444 calidum
337 382 447 443 habere
471 383 623 461 permitte,
652 384 780 441 maximo
804 398 873 440 eum
895 379 1029 459 periculo
1052 378 1200 458 liberabis,

188 475 214 533 si
236 474 355 550 saepius
378 471 408 530 id
432 470 548 530 leceris.

133 573 166 621 39
276 560 340 621 hlei
362 561 481 638 purgati
504 560 600 637 capita
619 560 685 639 tria,
704 558 799 638 adipis
817 560 957 638 porcinae
975 560 1106 618 nimium
1125 564 1201 616 vetu-

187 658 279 710 statae
303 648 334 709 P.
359 666 451 708 unum
475 646 564 707 simul
587 654 725 707 conteres
745 654 775 707 et
798 665 894 726 panno
914 645 1038 707 induces
1063 653 1096 706 et
1115 659 1224 723 supra⁵

187 738 319 798 dolorem
342 735 429 796 lienis
451 738 578 815 inpones
602 746 631 796 et
654 735 744 795 fascia
768 734 937 815 conligabis.

133 839 168 886 40
277 825 374 906 Conii,
401 825 431 884 id
456 832 502 885 est
524 827 653 905 cicutae,
677 824 786 886 radicis
811 824 842 885 P.
866 842 973 906 uuum,
1001 823 1101 902 adipis
1124 829 1201 882 vetu-

187 922 279 976 statae
299 914 432 974 hircinae
451 913 482 973 P.
502 932 605 995 unum,
624 914 680 973 alei
699 916 818 992 purgati
836 913 868 974 P.
888 931 989 987 unum,
1009 912 1068 973 olei
1088 911 1201 972 cedrini

187 1004 218 1064 P.
241 1021 335 1064 unum
359 1002 446 1064 simul
470 1011 549 1063 teres
572 1009 603 1063 et
626 1020 720 1081 genus
743 1001 925 1082 malagmatis
949 1002 1040 1062 facies
1063 1008 1096 1061 et
1115 1017 1202 1077 supra

187 1092 320 1172 splenem
348 1091 480 1170 alligabis
508 1110 563 1152 nec
593 1099 662 1152 ante
690 1100 829 1169 quartum
857 1090 935 1151 diem
958 1090 1072 1171 solves;
1100 1090 1237 1150 certis-1⁰

187 1184 291 1242 simam
315 1183 392 1241 scies
415 1180 491 1240 hanc
515 1198 580 1240 esse
603 1180 790 1241 medicinam.

133 1280 166 1327 41
276 1268 428 1347 Optimum
452 1268 548 1347 spleni
571 1270 737 1330 remedium
755 1268 813 1329 tale
833 1276 891 1329 est:
914 1266 1079 1328 Gentianae
1099 1276 1203 1327 tunsae

187 1358 359 1419 cocliarium
388 1356 557 1438 dimidium,
589 1357 666 1418 fellis
699 1366 796 1418 terrae
827 1365 933 1418 tunsae
965 1356 1108 1417 cocliaria
1140 1357 1203 1434 hia,
1285 1359 1286 1410 l

188 1446 307 1507 feniculi
331 1448 414 1507 tunsi
437 1446 563 1507 cocliare
586 1465 679 1507 unum
704 1454 733 1507 et
757 1445 912 1508 dimidium
934 1444 1020 1505 bibes
1043 1464 1082 1505 ex
1104 1447 1204 1525 picato

186 1555 268 1597 mero
292 1535 339 1596 vel
362 1538 448 1614 nigro
472 1543 591 1595 austero
615 1535 776 1615 tepefacto,
803 1538 845 1596 ita
870 1542 904 1595 ut
927 1534 1087 1613 diligenter
1113 1550 1202 1612 supra
1215 1544 1236 1584 1⁵

187 1627 315 1704 scriptae
344 1626 459 1703 species
488 1622 635 1684 cribratae
663 1626 695 1684 in
721 1624 862 1703 pollinem
891 1623 1067 1701 redigantur
1099 1630 1133 1682 et
1161 1622 1202 1680 sic

185 1716 431 1792 permisceantur.

131 1811 166 1859 42
274 1801 400 1862 Rubiam
423 1801 559 1880 herbam,
588 1819 645 1879 qua
670 1802 832 1861 infectores
854 1808 994 1882 utuntur,
1020 1807 1144 1860 tunsam
1167 1816 1201 1858 ex

186 1894 282 1968 picato
302 1889 348 1949 vel
367 1897 486 1950 austero
506 1889 553 1950 vel
571 1892 657 1969 nigro
676 1892 743 1950 vino
763 1897 814 1950 aut
834 1908 870 1950 ex
888 1908 978 1968 posca
992 1888 1077 1949 dabis
1095 1888 1201 1949 biben-
1280 1927 1285 1956 .

186 1978 253 2039 dam
280 1980 380 2038 ieiuno
409 1977 564 2056 splenitico
593 1978 787 2056 amplitudine
819 1981 905 2039 nucis
935 1977 1097 2057 avellanae,
1132 1985 1236 2038 con-2⁰

185 2067 284 2127 festim
307 2066 450 2143 proderit.

133 2165 166 2213 43
274 2153 434 2215 Laudabile
459 2154 622 2235 spleniticis
646 2155 812 2216 remedium
836 2158 892 2217 sic:
917 2154 1037 2215 Hieram
1061 2154 1200 2233 botaneu,
1285 2211 1286 2244 ,

187 2261 262 2323 quae
285 2242 414 2304 verbena
438 2244 610 2325 appellatur,
634 2244 784 2304 contunde
808 2263 877 2305 cum
901 2246 1027 2324 axungia
1048 2251 1152 2305 vetere
1171 2250 1200 2302 et

185 2332 337 2392 inductam
360 2334 391 2392 in
414 2350 512 2412 panno
537 2332 602 2393 albo
626 2332 737 2393 mundo
765 2334 875 2412 inpone
898 2332 1068 2413 splenitico3
1096 2332 1198 2394 dolore

187 2421 288 2482 sedato
312 2421 426 2482 ridebis
450 2424 644 2501 sanguineum
668 2420 774 2501 locum,
797 2424 828 2482 in
852 2441 911 2501 quo
934 2422 1019 2482 dolor
1042 2422 1144 2483 suerit.
1208 2428 1234 2469 25

132 2520 167 2568 44
276 2510 362 2571 Solea
384 2512 474 2590 piscis
498 2509 594 2589 spleni
617 2512 771 2589 inponitur
790 2510 836 2571 vel
854 2510 978 2589 torpedo
1001 2510 1048 2571 vel
1066 2510 1198 2589 rombus,

186 2600 239 2660 sed
261 2601 409 2679 inpositus
432 2618 553 2661 nusum
576 2600 660 2659 vivus
683 2602 714 2659 in
736 2617 818 2659 mare
841 2602 988 2680 mittatur,
1011 2602 1088 2659 mire
1111 2600 1199 2678 prod-

132 2697 166 2746 45
186 2697 240 2749 est.
274 2688 332 2758 Qui
355 2689 476 2749 cottidie
499 2691 618 2748 ieiunus
642 2706 742 2749 serum
764 2706 939 2769 caprunum,
958 2689 1010 2748 sed
1029 2706 1135 2749 earum
1153 2707 1197 2748 ca·

186 2775 339 2856 pellarum,
358 2795 432 2854 quae
451 2777 561 2837 hedera
574 2785 748 2857 pascuntur,
766 2775 885 2859 biberit,
905 2776 1007 2857 splene
1021 2786 1197 2856 consumpto

132 2873 166 2921 46
186 2866 251 2924 erit.
277 2863 499 2924 sarmentorum
520 2866 595 2925 cinis
614 2868 692 2926 aceti
710 2865 824 2944 cyathis
842 2866 959 2928 duobus
978 2885 1120 2945 aspersus
1134 2884 1195 2926 rec·
1208 2875 1231 2915 ³⁰

131 2960 166 3011 47
186 2953 300 3012 tissime
319 2952 432 3012 lienoso
452 2955 552 3014 ieiuno
572 2972 608 3014 ex
627 2972 703 3033 aqua
717 2954 817 3033 tepida
831 2953 919 3016 datur
932 2955 1089 3016 bibendus.
1113 2954 1197 3015 Cani-

186 3058 243 3101 nus
267 3040 351 3118 splen
372 3059 478 3101 recens
498 3060 588 3122 supra
607 3042 740 3121 splenem
758 3044 887 3105 hominis
905 3047 1060 3123 inponitur
1079 3044 1197 3105 dicente

86 3208 88 3212 Ι
185 3149 234 3210 eo,
259 3131 310 3208 qui
334 3129 467 3210 adponit,
491 3131 655 3192 remedium
679 3150 711 3193 se
735 3132 831 3211 spleni
854 3134 961 3213 lacere,
986 3141 1090 3212 postea
1114 3133 1197 3211 splen
1283 3111 1287 3145 ¹

274 3281 473 3352 ipericulum.
568 3289 746 3355 4purcinee.
845 3286 996 3341 vetustate.
1098 3291 1132 3339 18
1155 3303 1196 3341 ro

185 3354 269 3408 biam.
386 3360 420 3410 28
449 3372 541 3410 serum
569 3357 732 3426 caprunum]
761 3373 857 3411 ervum
880 3357 955 3411 Plio.
962 3399 972 3425 ,
1003 3361 1033 3411 ot
1061 3358 1097 3423 cf.
1120 3356 1195 3411 Piis.

185 3442 212 3478 o.
227 3426 252 3479 h.
268 3430 315 3493 28,
336 3432 395 3480 180.
486 3432 519 3480 31
540 3426 691 3481 clienono.
770 3427 806 3482 da
824 3427 986 3482 bibendum.
1065 3426 1197 3498 caninus]
1285 3465 1286 3486 l

184 3493 301 3563 pecudis
320 3496 394 3551 Plio.
