2609 4017
478 226 719 292 -261-

177 388 353 450 Remedium
375 392 498 451 unicum
522 400 552 452 11
574 390 654 470 quod
678 391 821 452 citissime
844 394 962 453 renium
985 392 1103 454 dolores
1121 405 1156 455 48

82 496 156 539 cum
184 478 378 539 admiratione
406 487 545 557 persanat
575 482 632 541 sie:
664 478 804 541 Bitumen
837 498 929 561 super
958 481 1103 542 carbones

81 569 168 627 vivos
192 586 288 647 pones
311 576 341 629 et
364 586 433 647 sago
456 568 561 647 grandi
584 569 621 629 ad
644 569 766 629 modurn
789 588 895 630 caveae
914 588 966 631 eos
985 573 1103 650 operies

81 665 175 736 atque
205 656 265 717 illic
289 658 416 718 interius
439 658 568 739 nudum,
595 659 647 736 qui
670 660 788 719 renium
814 658 915 719 dolore
939 659 1104 741 vexabitur,

54 764 179 825 osupra
203 748 285 826 ipsos
308 745 453 807 carbones
471 747 576 807 sedere
595 748 771 828 praecipies,
794 754 828 808 nt
851 748 950 809 fumus
968 748 1019 809 ille
1038 768 1104 809 cor-

80 854 143 914 pus
167 836 234 895 1111
257 853 343 896 omne
367 837 537 897 circumeat.
578 834 656 917 lloc,
680 838 707 896 si
729 854 853 897 necesse
876 838 980 919 luerit,
1004 845 1104 899 11111

81 925 187 1003 iacies,
211 932 245 985 ut
267 926 388 1003 penitus
411 933 542 986 sanetur.

176 1012 271 1075 Radix
299 1016 434 1093 asparagi
458 1016 529 1075 trita
553 1021 582 1075 et
605 1033 675 1075 cum
698 1016 766 1075 vino
790 1020 860 1092 pota
882 1018 1001 1075 renium
1024 1007 1103 1076 dolo·
1121 1025 1156 1075 49

81 1120 151 1163 rem
179 1104 291 1180 optime
318 1102 403 1164 tollit.
445 1102 541 1163 Ocimi
569 1121 660 1164 sucus
688 1105 719 1163 in
747 1102 817 1163 mali
844 1105 961 1182 granati
991 1106 1103 1165 cortice
1122 1114 1157 1164 11

42 1210 66 1248 11
81 1198 176 1271 potus
195 1191 358 1271 plurimum
376 1192 500 1253 renibus
519 1192 650 1272 prodest.
680 1191 734 1252 Fel
752 1194 882 1253 irenacei
901 1211 970 1253 cum
984 1210 1103 1272 vesper·
1121 1203 1155 1253 11

81 1280 200 1341 111111111
224 1280 349 1341 cerebro
377 1289 407 1342 11
430 1282 535 1341 canino
559 1280 635 1342 lacte
659 1281 783 1342 renibus
805 1283 968 1361 inpositum
991 1283 1102 1343 mirum

81 1369 219 1448 prodest.
254 1369 353 1448 Adeps
376 1372 533 1431 anserinus
557 1388 626 1431 cum
650 1371 783 1431 eiusdem
803 1370 927 1431 cerebro
948 1378 977 1431 et
995 1370 1104 1451 butyro
1123 1380 1157 1429 52

82 1467 115 1519 et
140 1457 270 1519 alumine
290 1465 321 1519 et
339 1476 447 1539 oesypo
466 1460 614 1538 inpositus
634 1458 670 1519 ad
690 1462 785 1520 ceroti
803 1459 925 1520 modum
943 1461 1106 1521 efficaciter

80 1546 211 1608 renibus
234 1547 365 1625 prodest.

43 1654 68 1694 15
179 1635 303 1697 Stercus
321 1635 525 1697 columbinum
544 1638 648 1698 tritum
664 1654 733 1697 cum
746 1635 853 1696 hordei
866 1636 961 1697 farina
975 1642 1006 1697 et
1020 1635 1105 1715 adipe
1124 1646 1158 1695 53

84 1724 175 1786 suilla
203 1733 233 1786 et
261 1744 385 1786 ovorum
413 1725 478 1786 albo
508 1725 596 1786 simul
624 1726 806 1804 permixtum
839 1733 869 1786 11
897 1732 1016 1786 coctum
1045 1743 1105 1785 em-

83 1814 193 1893 plastri
226 1832 308 1875 more
339 1816 506 1875 rectissime
535 1812 658 1876 renibus
685 1816 849 1892 inponitur.
894 1812 929 1873 ln
957 1813 1104 1893 capitibus
1124 1822 1159 1871 14

84 1905 230 1985 piscium,
257 1904 288 1964 id
316 1912 362 1964 est
389 1903 545 1981 mugilium
568 1911 620 1964 aut
642 1901 817 1983 mullorum,
845 1904 931 1982 spina
953 1904 1105 1964 invenitur

84 1994 155 2053 cani
174 1991 293 2070 similis3
311 1991 384 2053 haec
403 1992 527 2054 renibus
544 1992 679 2071 adposita
694 1991 739 2051 vel
753 1991 869 2071 alligata
882 1993 959 2053 miro
973 1992 1106 2052 remedio
1182 2054 1198 2087 ἱ

44 2100 69 2138 ro
85 2089 142 2142 est.
176 2080 317 2159 Plantago
336 2100 372 2141 ex
391 2080 477 2142 melle
493 2083 562 2142 trita
576 2088 607 2142 et
620 2082 749 2160 inposita
764 2081 888 2142 renibus
903 2083 1003 2143 statim
1017 2082 1105 2161 prod·
1125 2089 1159 2139 11

86 2179 143 2232 111.
182 2170 243 2231 011
266 2172 434 2250 saepiarum
457 2172 487 2231 in
508 2170 575 2231 cibo
595 2177 713 2249 sumpta
731 2172 850 2231 urinam
868 2179 988 2231 movent
1011 2178 1159 2232 111111

86 2262 173 2320 nium
187 2260 375 2338 gravedinem
389 2259 507 2321 tollunt.
539 2257 622 2319 lnnla
638 2262 709 2320 trita
723 2266 754 2320 et
768 2279 836 2321 cum
850 2261 912 2320 vini
926 2259 1040 2340 cyathis
1054 2261 1106 2321 tri·
1125 2268 1159 2316 11

86 2348 146 2409 bus
164 2366 220 2427 per
237 2348 371 2410 triduum
389 2357 458 2428 pota
472 2347 634 2429 plurimum
648 2348 772 2427 prodest
785 2348 909 2409 renibus
923 2349 1106 2427 reparandis.

86 2438 242 2515 Axungiae
265 2440 374 2499 veteris
401 2436 556 2517 selibram,
584 2436 642 2497 olei
670 2438 781 2496 veteris
809 2436 948 2497 selibram
977 2439 1158 2498 1111111118

45 2543 71 2584 11
87 2525 239 2607 selibram,
259 2533 344 2587 rutae
363 2525 539 2588 fasciculum
557 2543 617 2585 una
636 2525 786 2604 decoques
805 2533 836 2585 et
853 2524 951 2585 lanam
968 2524 1011 2585 ibi
1029 2528 1106 2585 suci·

87 2615 158 2676 dam
180 2616 300 2694 tingues
323 2633 356 2676 ac
380 2614 503 2676 renibus
527 2615 755 2693 superinpones,
778 2614 853 2673 mire
877 2612 1046 2675 subvenies.

179 2704 223 2764 Ad
247 2705 378 2765 vessicae
403 2703 521 2764 dolores
551 2710 581 2763 11
610 2704 779 2781 stranguria
808 2701 911 2763 cardui
939 2719 1042 2763 semen
1070 2720 1106 2762 ex
1125 2709 1158 2759 59

87 2795 150 2855 vini
174 2794 311 2854 sextariis
334 2792 451 2854 duobus
474 2809 571 2872 usque
595 2792 631 2852 ad
654 2790 804 2852 heminam
827 2791 984 2852 decoctum
1008 2799 1038 2851 et
1057 2809 1105 2851 111-

87 2899 228 2961 pressum
255 2888 345 2961 atque
374 2881 502 2943 colatum
525 2882 669 2961 potuique
692 2882 793 2941 ieiuno
818 2880 920 2941 datum
942 2879 1105 2959 plurimum

45 2989 71 3029 ao
87 2970 220 3050 prodest.
266 2969 386 3031 Plantae
414 2978 553 3031 rutaceae
586 2978 617 3030 11
648 2977 773 3048 nepetae
807 2970 923 3031 radices
955 2970 1105 3051 bacasque
1125 2978 1159 3028 61

88 3058 207 3120 laureae
230 3060 262 3120 in
285 3077 355 3119 vaso
378 3058 462 3121 fictili
482 3065 604 3138 coperto
623 3057 783 3139 diligenter
797 3066 909 3140 coctae,
930 3077 968 3120 ne
983 3062 1027 3120 vis
1045 3078 1106 3120 me-

88 3148 249 3209 dicamenti
277 3157 408 3224 emanet,
437 3148 524 3226 potui
551 3146 674 3227 dantur,
701 3150 743 3208 ita
771 3155 804 3208 ut
830 3151 916 3228 prins
945 3166 1103 3227 expressae

88 3238 239 3319 colentur,
265 3236 442 3298 mirabiliter
469 3237 600 3297 vessicae
624 3235 779 3298 doloribus
801 3245 938 3316 prosunt.
978 3234 1104 3317 Herbae,
1123 3244 1156 3295 61

179 3397 194 3445 1
213 3408 309 3446 unum.
391 3396 407 3446 9
427 3389 531 3445 cortice
550 3392 665 3473 scripsi:
683 3388 824 3446 corticem.
908 3394 942 3443 10
960 3388 1105 3444 1111111111.

91 3469 124 3518 13
143 3462 262 3534 oesypo]
282 3462 401 3531 hysopo.
479 3466 513 3517 18
531 3462 670 3532 mugilum
689 3460 850 3517 0111111111.
924 3465 958 3515 22
977 3460 1106 3530 gravedi-

88 3536 187 3589 1111111.
297 3539 331 3588 23
350 3532 475 3590 tridium.
585 3538 619 3588 25
637 3533 783 3588 saecolum.
888 3536 922 3586 27
942 3531 1105 3601 strangulia.

89 3610 122 3660 31
141 3604 275 3661 laurices.
347 3604 402 3676 vis]
422 3622 493 3660 cum.

1184 3757 1268 3856 Ρ
