2609 4017
475 171 714 235 -181-

94 333 122 390 in
144 339 226 392 aceto
250 335 367 392 excocti
389 335 452 393 triti
476 340 506 394 et
529 331 606 394 inliti
629 341 800 412 mentagrae
819 333 985 394 medentur.
1020 333 1138 396 ldemt

94 427 217 497 praestat
241 419 330 481 ibisci
351 421 434 482 radix
458 440 527 483 cum
550 421 653 501 lupino
677 429 707 482 et
731 429 814 482 aceto
838 422 873 483 ad
895 424 999 483 tertias
1017 430 1102 483 cocta

95 519 120 567 et
146 508 289 587 adposita.
335 508 404 570 Flos
431 513 506 572 visci
528 530 595 572 cum
624 510 704 572 calce
731 509 873 572 subactus
896 522 926 572 et
949 511 1136 590 adpositusx

93 607 257 676 mentagrae
283 596 365 658 valde
390 608 435 659 est
457 599 549 660 utilis.

72 700 83 741 s
174 686 218 746 nd
242 687 424 767 inpetigines
447 688 643 768 detergendas
667 688 791 749 farinam
812 689 874 748 ervi
893 690 1013 750 mixtam
1033 707 1101 749 cum
1121 701 1136 750 6

93 783 169 833 aceto
188 774 366 854 frequenter
379 776 522 838 inducito.
555 776 619 837 Olei
634 778 754 856 myrtini
769 778 873 837 uncias
887 776 933 856 vt,
947 778 1005 838 olei
1024 777 1100 838 scbl·
1121 791 1136 840 t

93 863 150 920 nini
172 871 224 924 aut
246 864 420 926 masticbini
441 867 546 926 uncias
570 873 725 946 quattuor,
747 864 901 945 lithargyri
924 868 1027 927 uncias
1052 866 1102 947 ΙΙΙ,

93 950 232 1026 psimithii
255 955 362 1014 uncias
381 953 408 1014 ΙΙ
430 973 498 1015 cum
522 955 590 1014 rino
612 963 714 1014 vetere
739 953 827 1015 simul
849 961 929 1014 teres
952 962 982 1015 et
1003 955 1100 1016 oleum

93 1041 184 1099 statim
208 1050 315 1119 postea
339 1045 438 1104 mittes
457 1051 487 1104 et
505 1043 663 1121 diligenter
680 1042 875 1122 permiscebis
895 1045 987 1104 etsie
1008 1045 1102 1105 uteris

63 1141 84 1180 1o
96 1126 126 1185 ad
148 1130 330 1209 inpetigines
353 1131 520 1193 abolendas.
561 1131 605 1192 Ad
633 1133 812 1210 inpetigines
840 1131 1035 1211 detergendas
1063 1133 1137 1192 las

94 1215 169 1292 patbi
191 1217 312 1280 radices
335 1239 403 1281 cum
427 1228 510 1281 aceto
534 1238 645 1298 coques
673 1220 709 1280 ad
737 1223 840 1282 tertias
868 1229 899 1280 ct
923 1222 954 1282 in
978 1239 1013 1281 eo
1036 1222 1102 1281 iure

94 1304 195 1365 iterum
224 1325 344 1388 oryzam
373 1309 530 1388 discoques
558 1317 589 1369 et
616 1310 661 1369 sic
686 1309 722 1370 ad
746 1309 969 1388 perducendum
993 1328 1102 1390 corpus

94 1395 190 1454 uteris.
237 1395 415 1458 cucumeris
444 1399 569 1459 silvatici
596 1398 713 1459 radices
741 1398 777 1458 ad
809 1401 913 1460 tertias
943 1399 1136 1480 dtscoquesa

96 1497 196 1560 easque
224 1484 366 1547 decoctas
393 1496 473 1547 teres
501 1486 658 1565 diligenter
684 1494 715 1547 et
738 1486 828 1547 addes
850 1486 1043 1567 lithargyrum
1068 1507 1102 1548 ao

63 1568 213 1647 osulphur
237 1573 356 1653 aequali
378 1593 518 1636 mensura
541 1583 570 1636 et
594 1593 680 1636 cerae
704 1593 809 1654 parum
833 1583 921 1654 atque
941 1575 1010 1637 inde
1028 1577 1102 1657 loca,

95 1674 163 1734 quae
185 1663 320 1743 inpetigo
344 1665 467 1745 ceperit,
490 1662 675 1743 perfricabis.

174 1749 218 1810 Ad
238 1751 390 1812 scabidam
408 1754 603 1833 inpetiginem
620 1749 733 1812 scillam
747 1750 843 1811 albam
857 1753 967 1812 sumito
982 1759 1012 1812 et
1025 1751 1101 1814 bene
1122 1759 1155 1808 10

95 1838 264 1901 contundite
288 1859 382 1919 eaque
404 1843 598 1920 inpetiginem
621 1839 739 1900 inlinito
769 1850 798 1900 et
823 1840 1000 1901 adsiccatam
1019 1849 1102 1902 aceto

97 1926 151 1984 acri
176 1930 272 1990 mixto
299 1929 359 1990 sale
387 1929 493 2010 eluite,
520 1928 627 1990 deinde
656 1946 759 2008 spuma
783 1931 898 2008 argenti
924 1937 1048 1992 contusa
1072 1939 1102 1992 et

64 2017 155 2072 torosa
182 2015 295 2096 liquida
323 2021 504 2097 perunguito
532 2027 562 2078 et
589 2036 657 2078 cum
686 2017 867 2079 adsiccatum
895 2018 986 2080 luerit
1011 2019 1102 2080 medi-

97 2113 272 2185 camentum,
295 2124 429 2187 rursum,
453 2116 486 2168 ut
509 2125 599 2185 supra
622 2107 760 2188 diximus,
783 2114 867 2168 aceto
891 2107 967 2168 salso
991 2107 1102 2170 abluite

97 2196 176 2267 atque
199 2195 311 2256 iterum
335 2195 436 2256 eadem
460 2196 575 2256 ratione
603 2194 715 2256 scillam
744 2197 843 2256 tritam
871 2195 988 2257 inlinito
1011 2197 1101 2277 idque

98 2281 256 2344 remedium
274 2283 448 2364 frequenter
466 2286 582 2363 iterato,
602 2283 698 2345 donec
717 2284 753 2344 ad
773 2286 929 2346 sanitatem
946 2285 1102 2365 perducas.

98 2361 167 2428 Picis
188 2371 321 2452 liquidae
342 2375 471 2452 optimae
490 2372 643 2433 acetabulo
662 2375 715 2434 uni
733 2372 816 2433 adice
834 2373 961 2434 farinam
978 2374 1102 2436 hordea·
1122 2379 1153 2429 11

64 2455 171 2517 25tettan
197 2469 228 2522 et
257 2463 369 2522 nitrum
395 2469 425 2522 et
449 2463 548 2542 apium
571 2463 675 2523 tritum
700 2467 730 2520 et
753 2460 880 2539 sulphur
903 2464 1007 2540 aequis
1029 2481 1101 2543 pon-

98 2539 209 2610 deribus
238 2569 272 2612 ac
301 2550 485 2630 superfundo
513 2552 590 2611 aceti
618 2548 678 2610 albi
702 2550 841 2608 acerrimi
866 2548 1018 2610 acetabula
1043 2550 1101 2612 duo

97 2639 123 2689 tt
142 2635 171 2694 in
193 2641 294 2717 patina
318 2639 450 2718 decoque
474 2638 562 2699 simul
585 2656 619 2698 ac
642 2643 745 2717 postea
768 2635 896 2697 calidum
917 2637 1102 2700 medicamen

96 2715 179 2785 linteo
201 2728 337 2788 inducito
360 2735 391 2788 et
414 2730 456 2788 sic
479 2728 600 2806 corpori
622 2725 777 2806 adponito;
801 2743 860 2785 non
880 2724 976 2787 solum
996 2729 1101 2806 inpeti-
1144 2798 1148 2801 ,

98 2808 186 2883 ginem
209 2816 267 2877 boc
290 2816 432 2898 remedio,
455 2816 506 2876 sed
533 2823 564 2876 et
585 2815 700 2895 lepram
724 2812 841 2874 sedabis
866 2822 895 2875 et
919 2814 1057 2878 scabiem,

67 2896 87 2938 ³⁰
177 2902 373 2984 inpetiginem
393 2906 526 2983 quamvis
546 2907 738 2964 inveteratam
758 2904 817 2964 cito
837 2901 977 2987 abolebiS,
998 2907 1024 2966 si
1041 2907 1100 2967 fae·
1119 2909 1154 2959 '12

98 2985 157 3048 cula
173 2995 244 3073 rini,
262 3012 320 3072 qua
338 2995 483 3054 tinctores
501 3000 638 3074 utuntur,
658 3009 726 3053 cum
745 3010 820 3072 aqua
839 2995 984 3072 permixta
1003 2994 1100 3057 locum
1119 3063 1122 3068 ,

99 3084 278 3164 perunxeris,
304 3085 345 3142 ita
369 3090 416 3161 ut,
439 3081 509 3143 dum
533 3082 747 3161 quinquaginta
771 3099 924 3163 numeras,
951 3083 1011 3145 illic
1035 3103 1101 3146 esse

98 3171 243 3237 permittas
273 3178 304 3231 et
331 3173 472 3231 continuo
501 3170 681 3250 destringas3
712 3187 779 3230 nam
808 3172 833 3230 si
861 3170 974 3232 diutius
1002 3174 1101 3253 luerit,

100 3248 178 3316 altius
204 3261 248 3320 vis
277 3261 342 3321 eins
369 3259 478 3320 insidet
505 3266 536 3320 et
560 3258 647 3320 ulcus
670 3257 781 3337 grande
804 3258 901 3319 saciet.
948 3258 1101 3322 Glutinum
1120 3265 1154 3318 ts

67 3343 240 3408 tttaurinum
268 3357 352 3410 aceto
379 3349 539 3409 remissum
565 3347 680 3409 adiecto
710 3343 824 3406 sulfure
852 3348 918 3406 vivo
945 3346 1006 3408 leni
1031 3351 1100 3428 igue

100 3424 254 3516 decoctum,
277 3439 318 3498 ita
341 3446 375 3498 ut
398 3436 433 3497 ad
457 3436 553 3497 mellis
575 3434 803 3496 crassitudinem
822 3433 1013 3518 perducatur,
1036 3456 1101 3498 sur·

101 3517 216 3603 coloque
239 3525 363 3607 liculno,
387 3525 457 3586 dum
481 3526 629 3606 coquitur,
652 3525 794 3602 agitatum
818 3541 851 3584 ac
874 3522 921 3584 bis
944 3543 1000 3604 per
1022 3525 1100 3587 diem
