2609 4017
580 150 821 215 -108—

190 332 282 374 onum
306 315 452 391 permixta
475 331 530 391 per
548 313 681 374 sucidam
701 312 796 373 lanam
816 313 888 372 inici
905 311 1028 372 naribus
1046 310 1213 389 oportebit.

190 402 274 463 Facit
301 411 399 463 autem
424 405 511 462 etiam
540 403 575 462 ad
599 421 717 462 omnem
741 421 778 462 ex
801 400 932 480 qualibet
959 410 1043 479 parte
1070 402 1213 478 corporis

157 491 238 555 svel
266 511 302 552 ex
330 491 462 570 quolibet
490 489 612 552 volnere
640 493 795 570 sanguinis
818 493 1014 569 eruptionem.
1060 487 1212 559 Quoniam

191 581 341 642 interdum
369 583 422 662 ita,
450 588 484 641 ut
512 580 653 662 diximus,
683 583 781 640 minus
805 581 902 641 curati
924 580 1004 639 naris
1029 580 1099 638 vitio
1124 595 1211 656 prac-

191 671 283 730 locari
310 669 462 750 videntur,
490 670 616 730 maxime
644 688 712 730 cum
742 677 880 748 opturato
908 676 1036 747 utroque
1060 667 1235 727 foraminea

191 761 307 819 narium
336 757 469 838 spirandi
496 757 620 818 facultas
644 760 784 839 eripitur,
812 775 873 818 non
896 757 1025 817 alienum
1049 763 1096 816 est
1121 758 1210 834 scire,

192 866 249 927 qua
275 849 390 908 ratione
413 855 575 926 utrumqne
600 849 746 926 praestari
769 849 876 927 possit,
905 854 938 907 ut
961 864 1058 924 neque
1084 846 1210 924 spiratio

191 937 362 1015 inpediatur
385 955 441 997 nec
464 936 628 996 remedium
653 937 906 1016 efficacissimum,
928 953 984 1014 per
1006 934 1086 1012 quod
1110 936 1210 1012 opitu·

192 1026 262 1087 latio
285 1025 407 1087 naribus
431 1025 570 1104 efficitur,
593 1024 776 1086 excludatur.
813 1024 970 1103 Oportebit
993 1041 1063 1102 crgo
1088 1041 1210 1084 sumere

192 1118 312 1194 pinnam
336 1116 451 1175 anseris
474 1132 562 1193 quarn
585 1116 742 1174 maximam
768 1114 811 1178 vel
832 1113 936 1174 calami
954 1115 1106 1190 scriptorii
1126 1113 1209 1172 fistu-
1224 1127 1247 1164 ιο

192 1204 250 1265 lam
273 1204 389 1264 modice
408 1203 581 1285 pleniorem,
605 1203 711 1264 deinde
732 1211 833 1281 aptare
852 1202 888 1263 ad
908 1201 1124 1280 longitudinem
1145 1203 1210 1260 nasi

193 1301 281 1372 atque
308 1295 349 1353 ita
377 1292 562 1371 praecidere,
590 1301 624 1352 ut
656 1311 690 1352 ex
720 1301 847 1370 utraque
874 1299 958 1370 parte
986 1290 1136 1369 perlorata
1162 1293 1210 1370 sit,

193 1390 282 1460 atque
310 1381 459 1441 involvere
488 1399 552 1441 eam
580 1380 700 1441 fasciola
725 1383 808 1441 tenui
831 1380 922 1440 lintea
946 1382 1030 1459 quasi
1053 1381 1155 1438 instita
1181 1388 1210 1438 et

193 1470 313 1550 explere
332 1473 491 1530 circuitum
511 1472 584 1550 eius,
603 1470 699 1530 donec
717 1470 853 1530 videatur
871 1472 902 1529 in
917 1487 1018 1529 narem
1033 1486 1102 1528 cum
1119 1487 1209 1528 cunc·

194 1561 305 1620 tatione
329 1561 455 1638 quadam
478 1561 572 1637 recipi
595 1577 682 1638 posse
707 1568 795 1637 atque
819 1561 858 1618 ita
877 1565 912 1619 ut
930 1567 975 1618 est
994 1556 1208 1617 circumvoluta
1223 1569 1244 1610 1⁵

193 1652 361 1728 inmergere
389 1667 454 1709 eam
476 1667 548 1708 naso
571 1656 655 1708 aceto
680 1650 742 1708 acri
764 1648 903 1708 inlectam
932 1657 962 1707 11
988 1665 1043 1725 per
1066 1664 1131 1706 eam
1155 1647 1209 1706 ini-

194 1757 262 1799 cere
294 1738 444 1798 interdum
477 1749 594 1798 acetum
626 1755 695 1797 acre
728 1736 774 1796 vel
806 1754 910 1797 sucum
942 1754 1033 1814 supra
1060 1735 1208 1796 dictorum

193 1827 485 1888 medicamentorum.
522 1824 584 1886 Hoc
607 1835 705 1885 autern
725 1826 856 1886 remedio
875 1827 968 1904 magis
988 1825 1033 1884 uti
1051 1823 1209 1903 oportebit,

158 1927 262 1976 tcum
286 1933 340 1994 per
363 1923 505 1994 utrasque
529 1932 616 1974 nares
639 1913 759 1974 fluxerit
781 1915 933 1992 sanguinis
952 1912 1140 1973 abundantia.
1178 1912 1209 1972 Si

195 2003 312 2083 quando
341 2003 494 2063 ulcuscula
517 2005 547 2062 in
570 2002 693 2062 naribus
716 2003 841 2082 fuerint,
870 2001 1055 2062 sanabuntur
1077 2002 1207 2062 lomento
1221 2015 1243 2054 ao

195 2110 288 2170 aquae
316 2110 408 2170 purae
436 2090 547 2152 calidae
575 2108 629 2169 per
658 2091 761 2152 molles
789 2093 919 2170 slougias
951 2101 981 2151 et
1013 2091 1208 2150 medicamen-

195 2189 294 2242 torum
317 2181 395 2240 inlra
418 2182 598 2259 scriptorum
622 2183 828 2260 perunctione,
851 2181 881 2240 id
906 2188 951 2240 est
970 2175 1043 2240 suco
1062 2180 1098 2240 de
1118 2181 1208 2240 moris

195 2287 264 2330 cum
292 2271 360 2330 rino
387 2268 534 2348 tepefacto
557 2271 719 2350 permixto,
748 2271 902 2349 conposito
927 2269 962 2328 ad
986 2268 1207 2346 spissitudinem

143 2357 299 2421 tomellis.
336 2359 431 2419 Rosae
450 2359 549 2419 aridae
568 2357 614 2418 vel
632 2360 763 2419 recentis
783 2358 861 2419 loliis
881 2360 960 2418 tritis
980 2377 1015 2417 ex
1036 2359 1102 2417 rino
1125 2356 1207 2416 melle

143 2461 175 2509 11
196 2447 312 2508 adiecto
335 2449 416 2508 inlici
440 2466 526 2508 nares
548 2446 620 2507 utile
640 2457 695 2508 est.
732 2447 810 2508 Uvae
830 2449 995 2508 inmaturae
1014 2463 1087 2506 suco
1107 2446 1206 2506 eodem
1220 2457 1243 2498 at

196 2537 284 2597 modo
303 2539 468 2616 conposito,
488 2555 546 2616 quo
565 2554 671 2597 sucum
690 2536 727 2597 de
741 2537 834 2596 moris
849 2537 977 2614 conponi
991 2534 1101 2595 debere
1121 2552 1206 2613 sopra

144 2639 176 2688 12
196 2627 334 2707 diximus,
348 2645 436 2686 nares
450 2627 578 2686 llnentes
593 2625 702 2703 repleri
717 2625 958 2703 percommodum
975 2633 1028 2684 est.
1066 2622 1206 2684 Malorum

196 2715 377 2777 Punicorum
396 2715 528 2776 dulcium
546 2723 635 2792 atque
654 2714 808 2774 eciderum
828 2733 900 2774 suco
919 2714 1021 2774 eodem
1040 2712 1126 2773 modo
1140 2730 1205 2772 con·

144 2818 176 2866 13
196 2807 293 2884 posito
313 2823 400 2864 nares
419 2803 572 2882 stipandae
592 2810 670 2862 sunt.
707 2802 818 2882 Myrtae
838 2803 920 2863 bacis
934 2812 1023 2881 atque
1039 2800 1116 2861 loliis
1132 2803 1205 2861 tritis
1286 2817 1287 2882 ἦ

196 2911 232 2953 ex
255 2896 323 2953 rino
346 2895 377 2952 in
396 2891 492 2952 mellis
511 2889 734 2969 spissitudinem
755 2893 808 2972 uti,
831 2901 865 2951 ut
884 2909 973 2970 snpra
993 2891 1137 2969 scriptum
1155 2897 1205 2969 est,
1218 2904 1241 2942 1ο
1286 2883 1287 2950 l

145 2995 177 3043 14
197 2983 343 3042 convenit.
386 2979 429 3039 lle
452 2977 627 3058 terebinthi,
651 2977 781 3058 lentisci,
806 2979 875 3041 rubi
898 2979 1056 3041 fruticibus
1080 2986 1109 3038 et
1133 2977 1205 3037 loliis
1286 2975 1287 3046 Ῡ

145 3084 177 3133 11
197 3089 270 3131 suco
294 3068 430 3129 similiter
453 3069 607 3145 conposito
632 3070 676 3128 uti
699 3066 829 3128 debebis.
869 3068 985 3130 Sertula
1005 3068 1148 3146 Campana
1172 3085 1204 3126 ex

144 3174 177 3223 11
196 3177 284 3239 passo
304 3158 425 3218 decocta
445 3164 476 3217 et
489 3157 586 3216 inlusa
601 3155 723 3216 naribos
739 3157 869 3234 prodest.
906 3157 963 3218 Mel
978 3176 1031 3236 per
1046 3175 1077 3216 se
1092 3163 1204 3216 coctum

197 3256 228 3309 et
247 3266 316 3309 cum
334 3246 408 3326 galla
424 3245 543 3326 Syriaca
557 3253 682 3305 contusa
696 3263 730 3306 ac
745 3248 829 3307 tenui
843 3247 942 3307 cribro
958 3247 1129 3306 transmissa
1143 3263 1203 3322 per-

145 3351 177 3399 11
197 3340 322 3398 mixtum
343 3345 431 3415 atque
450 3334 582 3396 infusum
600 3333 723 3394 naribus
740 3335 869 3414 prodest.
907 3335 1080 3396 Gravidines
1095 3335 1202 3393 uarium
1216 3348 1239 3389 ao

138 3473 142 3477 .
198 3426 395 3503 sedabuntur,
418 3443 493 3504 qnae
518 3442 554 3484 ex
578 3423 639 3484 sole
663 3432 713 3484 aut
736 3425 928 3502 perfrictione
950 3431 1137 3503 generantur,
1159 3420 1201 3482 ab·

198 3517 337 3575 stinentia
357 3514 492 3574 ciborum
512 3512 657 3572 salsorum
677 3520 706 3572 et
721 3514 799 3574 inter
813 3515 897 3574 initia
913 3516 979 3574 vino
994 3522 1117 3591 remoto,
1135 3529 1202 3590 aqua

83 3722 187 3809 Ἴ

197 3871 208 3962 1
