2609 4017
503 204 721 269 ..17-

104 365 241 426 decurrit
268 368 342 427 um:
374 369 542 446 potentiora
570 370 649 428 33131
679 366 753 427 11333
781 374 811 426 31
839 366 1005 427 efficaciora
1033 386 1122 447 33331

103 453 178 535 311113
202 463 271 533 post
293 454 346 516 ubi
368 474 406 516 ne
430 456 466 517 ad
488 456 562 517 11333
586 456 708 537 quidem
730 455 842 516 cedunt
863 454 1053 517 difficultates
1071 458 1121 519 ad·

101 560 208 603 versae
236 542 428 626 valetudinis,
456 552 528 607 tnnc
557 553 659 607 coacta
687 544 723 605 ad
751 546 915 606 sectionem
942 544 988 604 vel
1015 545 1121 606 ultimo

103 631 140 691 ad
160 633 311 693 ustionem
330 635 417 694 venit.
454 634 493 695 At
510 633 708 713 Asclepiades,
732 634 878 694 maximus
901 641 1005 694 auctor
1029 633 1157 695 medi-t

72 721 198 801 331333,
218 723 335 800 negavit
353 724 451 800 aegris
469 722 564 784 danda
582 723 811 802 medicamenta,
830 722 951 801 quidam
969 724 1049 784 euim
1063 723 1121 785 hoc

102 808 259 871 mendacio
283 812 372 871 etiam
395 828 449 890 pro
473 820 647 890 argumento
670 817 807 872 utuntur.
850 810 989 872 Poteram
1011 820 1120 895 tamen,

102 898 257 958 31131313
281 899 312 959 id
335 908 427 979 esset,
451 900 564 961 dicere:
592 900 707 961 Viderit
729 899 934 981 Asclepiades,
957 898 1030 978 quid
1054 918 1120 961 seu·

101 988 187 1066 serit,
207 987 331 1048 forsitan
349 1006 410 1049 non
429 991 548 1049 omnino
567 992 598 1051 in
616 989 694 1050 bano
708 998 824 1069 partem
838 991 969 1050 animum
983 989 1119 1051 intendit

101 1073 200 1135 Homo
229 1094 299 1136 sane
328 1077 397 1157 fuit,
426 1079 477 1157 qui
504 1096 609 1157 parum
637 1077 765 1139 feliciter
794 1094 827 1137 se
855 1078 887 1137 in
914 1076 971 1137 hoc
1000 1080 1119 1156 negotio

57 1184 86 1226 10
101 1165 206 1243 gessit.
241 1163 344 1245 ltaque
366 1184 428 1226 333
451 1166 606 1227 deterreor
627 1184 764 1247 persona,
787 1184 857 1227 cum
879 1183 943 1226 rem
961 1167 1119 1228 manifeste

100 1252 247 1331 prodesse
270 1254 395 1316 videam.
426 1254 512 1316 Nunc
535 1274 605 1317 vero
629 1274 698 1317 cum
720 1263 781 1316 1313
799 1254 980 1333 inpudenter
998 1256 1119 1334 quidam

101 1341 141 1401 de
170 1360 206 1402 eo
234 1342 309 1404 mala
336 1346 613 1427 comminiscantur,
646 1345 719 1425 quid
750 1361 874 1423 possum
901 1344 980 1404 ultra
1007 1343 1118 1424 dicere,

101 1432 164 1489 nisi
186 1431 402 1510 quodammodo
425 1433 619 1512 parricidium
643 1452 677 1494 ac
700 1432 888 1511 sacrilegium
913 1450 964 1493 eos
983 1434 1117 1493 commit·

101 1528 178 1598 tere,
201 1522 254 1598 qni
275 1520 349 1582 baec
372 1519 497 1583 dicunt?
538 1522 589 1583 llle
613 1524 693 1583 33131
716 1520 956 1584 febricitantibus
979 1522 1118 1600 vitiisque
1137 1532 1155 1582 8

56 1629 85 1669 13
100 1608 317 1687 praecipitibus
336 1613 492 1690 correptis,
511 1629 587 1690 3333
606 1629 680 1671 oxea
700 1611 788 1691 pathe
808 1611 913 1669 Graeci
932 1609 1045 1688 dicunt,
1068 1627 1118 1669 ne·

101 1696 184 1774 gavit
201 1697 415 1759 medicamenta
435 1699 538 1781 danda,
560 1702 627 1780 quia
648 1698 715 1760 cibo
735 1702 862 1777 vinoque
881 1704 949 1775 apte
968 1696 1118 1757 interdum

101 1784 172 1844 dato
196 1786 355 1847 remediari
383 1790 478 1849 tutius
506 1807 557 1849 eos
586 1789 774 1849 existimarit.
811 1786 951 1847 Ceterum
978 1786 1008 1845 in
1032 1784 1118 1864 libro,

101 1875 156 1951 qui
181 1891 379 1956 parasceuon,
406 1877 437 1936 id
465 1885 510 1937 331
537 1879 809 1956 praeparationum,
836 1873 1024 1955 inscribitur,
1048 1892 1118 1935 con·

101 1961 199 2022 tendit
226 1962 347 2024 ultimae
376 1967 465 2025 sortis
490 1983 555 2027 3333
578 1966 743 2047 medicum,
771 1966 823 2045 qui
849 1982 910 2024 non
937 1963 973 2024 ad
1002 1963 1118 2042 singula

55 2074 84 2115 so
103 2068 240 2129 quaeque
268 2054 337 2113 vitia
365 2052 450 2113 binas
477 2061 638 2135 ternasque
669 2056 890 2135 conpositiones
921 2059 951 2113 31
980 2061 1118 2130 expertas

99 2147 132 2199 et
155 2142 293 2218 protinus
311 2150 429 2219 paratas
447 2142 562 2205 habeat.
599 2142 688 2204 Vides
711 2161 793 2224 ergo,
817 2159 905 2221 33313
924 2159 985 2201 333
1003 2140 1118 2220 placeat

99 2226 269 2307 Asclepiadi
296 2248 369 2291 usus
396 2228 703 2293 medicamentorum?
731 2234 780 2293 oui
806 2232 864 2291 nisi
893 2225 1005 2309 <quis>
1031 2229 1117 2309 plura

99 2316 137 2376 ad
153 2335 246 2377 33331
262 2318 400 2398 quodque
415 2338 509 2399 genus
523 2322 588 2382 vitii
604 2321 819 2382 medicamenta
832 2319 987 2396 conposita
1000 2317 1116 2398 habeat,

100 2422 163 2465 non
182 2406 299 2467 videtur
318 2407 426 2487 dignus
443 2409 628 2487 professione
646 2410 819 2471 medicinae.
853 2407 912 2469 Sed
926 2409 983 2467 ista
996 2406 1116 2467 lieentia
1135 2418 1151 2469 9

56 2516 84 2557 33
100 2496 221 2555 3331133
240 2496 444 2558 tantummodo
463 2497 646 2560 medicorum
667 2505 791 2578 propter
811 2494 999 2577 quorundam
1018 2495 1115 2574 negle-

100 2586 231 2661 gentiam
255 2583 344 2646 latius
366 2588 521 2664 processit.
554 2586 632 2647 Raro
652 2590 731 2646 enim
750 2586 866 2666 aliquis,
888 2586 1065 2663 priusquam
1083 2601 1116 2643 se

100 2689 232 2751 suosque
251 2673 349 2735 tradat
366 2674 490 2758 medico,
509 2674 668 2754 diligenter
686 2675 723 2735 de
743 2692 779 2734 eo
797 2673 917 2753 iudicat,
940 2689 1008 2732 cum
1027 2688 1115 2731 nemo

101 2778 139 2819 ne
175 2762 335 2840 imaginem
371 2763 490 2842 quidem
523 2782 607 2824 snam
644 2764 809 2824 committat
845 2759 1023 2841 pingendam
1057 2761 1117 2821 nisi

99 2848 226 2926 probato
259 2852 344 2929 prius
380 2852 487 2913 artifici
523 2870 577 2932 per
611 2851 756 2932 quaedam
787 2852 990 2932 experimenta
1025 2857 1114 2928 atque

56 2960 85 3002 so
100 2936 196 2998 electo
228 2938 414 3019 habeantque
447 2959 550 3001 omnes
584 2941 716 3021 pondera
744 2959 778 3001 ac
804 2956 960 3002 mensuras
989 2947 1115 3020 exactas,

100 3044 138 3086 33
172 3027 243 3107 quid
272 3046 408 3089 errorum
436 3030 468 3089 in
495 3029 587 3090 rebus
614 3032 792 3091 necessariis
819 3029 945 3108 accidat,
977 3026 1115 3088 videlicet

100 3116 171 3193 quia
201 3124 272 3177 3331
300 3118 433 3201 quidam,
461 3119 513 3197 qui
540 3118 635 3197 pluris
664 3119 719 3179 alia
748 3136 836 3197 quam
864 3136 897 3178 33
923 3119 1005 3195 ipsos
1028 3118 1114 3176 aesti-

99 3212 190 3265 ment.
238 3204 284 3266 011
307 3206 386 3286 quod
411 3206 526 3271 sublata
553 3216 600 3268 est
626 3210 680 3269 1131
703 3209 812 3286 331333
840 3204 980 3268 studendi
1011 3221 1113 3265 33333-

172 3364 188 3413 3
207 3357 379 3414 valitudinis.
470 3365 487 3414 4
506 3362 604 3415 313111.
691 3366 706 3416 ‘l
726 3358 816 3414 videri
833 3362 913 3427 (ras.)
933 3355 1001 3427 quid
1018 3354 1115 3411 Ascle·

99 3427 210 3497 piades.
275 3436 309 3484 10
327 3431 399 3502 rem]
418 3448 456 3487 re.
520 3431 679 3487 manifesta.
744 3436 775 3484 11
797 3430 900 3487 videor.
962 3428 1114 3498 13113133-

99 3498 196 3569 parus.
269 3501 430 3573 12331]3;
491 3500 623 3572 33133111.
688 3508 722 3557 215
741 3501 953 3573 negligentiam.
1010 3505 1045 3554 80
1064 3501 1113 3555 ha·

98 3571 203 3627 beatae
221 3572 317 3627 omnis
335 3571 494 3629 Carnarius.

153 3671 316 3720 1133313333,
331 3674 540 3715 1311331133133.
936 3664 953 3712 2
