2609 4017
563 162 802 227 -186-

123 336 158 387 69
177 328 365 405 continuum,
393 327 419 384 si
446 326 487 384 ita
515 341 638 385 necesse
668 324 771 404 inerit,
803 326 904 385 uteris.
950 322 1055 385 Pulmo
1084 323 1193 383 ovillus

177 432 265 493 quam
288 414 513 474 recentissimus
535 415 688 492 protinus,
711 412 781 474 dum
801 412 897 474 adhuc
918 420 1013 492 tepet,
1037 411 1193 491 adpositus

124 505 319 565 6066611666
346 503 469 562 discutit
499 509 529 561 et
562 510 707 580 expurgat
739 501 856 562 livores.
901 501 968 562 Alni
1000 500 1068 561 folia
1102 519 1193 578 quam

176 591 303 671 plurima
322 597 353 650 et
366 592 498 651 recentia
513 594 713 669 superinpone
728 598 759 650 et
773 591 867 671 alliga,
882 588 1049 651 medeberis
1068 591 1192 668 tumori,

176 679 298 740 livorem
322 697 392 738 vero
416 681 505 739 etiam
527 697 610 757 eum,
638 680 690 758 qui
715 678 752 739 de
776 682 918 757 sanguine
943 676 1086 739 collectus
1111 676 1220 737 vide-o

124 780 157 829 61
177 766 271 846 bitur,
294 766 389 827 tolles.
429 766 620 828 Absinthium
643 769 749 828 tritum
773 775 894 828 etcum
918 766 1003 827 melle
1027 765 1191 844 diligentis·

177 859 250 917 sime
278 854 435 917 subactum
463 854 646 934 malagmatis
674 855 761 916 modo
790 857 960 935 impositum
993 855 1102 916 livores
1131 857 1192 915 cito

123 956 159 1006 62
177 947 295 1005 eximet
334 943 434 1004 Vitelli
456 963 580 1005 ovorum
602 947 791 1005 incoctorum
814 946 952 1024 coagitati
975 952 1005 1004 et
1024 943 1102 1004 inliti
1119 942 1192 1003 livo-

177 1051 235 1114 res,
259 1035 312 1113 qui
334 1052 370 1094 ex
389 1042 505 1094 tumore
524 1041 575 1094 aut
594 1033 757 1094 conlisione
777 1033 874 1113 aliqua
893 1034 963 1094 iacti
982 1041 1081 1113 erunt,
1100 1033 1192 1092 etiam

176 1130 293 1184 veteres
316 1129 485 1183 extenuant.
1206 1137 1233 1178 ιο

124 1223 157 1273 66
265 1211 310 1272 Ad
332 1210 491 1289 lentigines
512 1209 548 1271 de
567 1211 642 1272 16616
660 1209 805 1272 tollendas
823 1209 994 1272 lenticulam
1011 1228 1081 1270 oum
1100 1207 1191 1270 scobe

177 1302 261 1361 tenui
287 1300 325 1360 de
353 1318 444 1360 corno
473 1301 593 1360 cervino
626 1308 658 1360 et
689 1317 791 1360 sevum
825 1301 976 1360 cervinum
1006 1300 1118 1379 pariter
1147 1297 1191 1358 di-

175 1388 256 1468 vide,
288 1407 384 1468 coque
412 1397 443 1448 et
469 1397 533 1449 tere
562 1397 650 1469 atque
684 1389 752 1449 inde
785 1388 890 1449 faciem
918 1387 963 1448 vel
990 1395 1059 1449 ante
1086 1386 1193 1448 horam

176 1476 274 1538 balnei
297 1477 342 1537 vel
365 1479 454 1538 etiam
477 1479 509 1536 in
527 1476 633 1538 balneo
651 1477 826 1556 frequenter
843 1476 969 1556 inlinito,
993 1478 1033 1537 ita
1053 1483 1086 1536 ut
1105 1477 1193 1555 quasi

176 1585 231 1646 pro
258 1584 334 1646 pane
360 1566 443 1627 molli
470 1567 577 1647 utaris,
605 1566 845 1627 efficacissimum
868 1565 1117 1625 medicamentum
1141 1583 1192 1624 ex·
1207 1581 1235 1624 66

176 1657 316 1736 perieris,
348 1655 401 1717 sed
433 1654 590 1716 lenticulae
618 1657 713 1715 maior
742 1673 811 1734 pars
842 1656 896 1735 sit,¹
927 1671 1038 1715 cornus
1071 1662 1101 1713 et
1127 1655 1193 1714 sevi

130 1796 135 1803 ,
177 1743 307 1825 aequalis
330 1763 477 1806 mensura.
867 1807 870 1813 ,

123 1843 158 1893 ot
265 1832 395 1894 Herbam
417 1833 632 1914 verrucariam,
660 1830 690 1893 id
719 1839 765 1892 est
786 1831 1011 1912 heliotropium,
1034 1839 1193 1892 contusam

176 1931 206 1983 et
233 1920 385 1982 subactam
413 1920 528 1982 adiecta
556 1919 625 1981 salis
652 1922 728 1982 mica
762 1920 985 1999 adpositamque
1014 1918 1191 1980 malandrio-

176 2012 218 2070 sis
246 2009 292 2070 vel
319 2008 381 2090 his,
409 2011 462 2088 qui
489 2027 629 2070 verrucas
660 2011 828 2088 patiuntur,
856 2008 999 2088 prodesse
1026 2007 1193 2086 plurimum
1206 2024 1236 2064 so

123 2109 157 2159 66
177 2105 301 2160 6666161.
338 2096 536 2158 Verrucarum
555 2116 665 2176 genera
685 2099 782 2158 omnia
801 2097 863 2158 timi
881 2099 979 2159 canini
999 2099 1098 2158 exusti
1115 2097 1193 2157 cinis

176 2192 262 2247 curat
284 2188 455 2267 impositus,
479 2187 565 2247 urina
588 2205 708 2266 quoque
727 2188 810 2268 canis
834 2204 901 2247 cum
921 2205 975 2248 suo
994 2187 1110 2246 recenti
1127 2184 1192 2246 luto

123 2274 258 2336 66161116
283 2274 444 2354 plurimum
466 2274 597 2354 prodest.
638 2275 765 2355 Sanguis
788 2293 893 2336 recens
916 2277 1011 2336 muris
1034 2275 1125 2336 occisi
1144 2272 1194 2333 vel

176 2367 240 2443 ipse
263 2381 330 2424 mus
354 2363 465 2424 divisus
489 2373 577 2444 atque
598 2363 752 2443 adpositus
772 2372 856 2425 sanat
874 2371 905 2425 et
923 2362 1022 2424 abolet
1040 2379 1192 2423 verrucas.

122 2452 280 2514 66116666
303 2452 408 2513 ovillus
430 2471 537 2514 recens
559 2451 697 2513 manibus
721 2451 862 2514 subactus
886 2460 916 2513 et
934 2451 1088 2532 emplastri
1106 2468 1191 2512 more
1206 2467 1236 2510 66

176 2544 329 2621 adpositus
352 2541 487 2621 deterget
510 2559 658 2603 verrucas.

122 2641 165 2692 66.
264 2631 309 2693 dd
329 2630 475 2692 lichenem
494 2629 577 2691 labae
596 2630 708 2690 farinae
727 2631 845 2690 unciam
864 2629 886 2710 l,
905 2630 984 2690 16661
1004 2630 1104 2708 graeci
1123 2628 1194 2689 lari-

175 2738 231 2782 nae
259 2721 378 2781 unciam
401 2719 427 2793 1,
456 2721 586 2781 samsuci
612 2721 731 2780 unciam
754 2718 780 2797 l,
808 2719 919 2781 farinae
943 2717 1048 2779 hordei
1072 2719 1194 2778 unciam

176 2826 274 2888 unam,
293 2806 460 2887 aphronitri
473 2810 592 2869 unciam
607 2807 637 2887 S,
655 2806 808 2886 sulphuris
822 2809 940 2868 nnciam
956 2806 985 2888 S,
1000 2807 1063 2867 ervi
1078 2806 1193 2866 farinae

175 2897 294 2957 unciam
319 2895 347 2957 S.
389 2894 468 2957 llaec
496 2898 593 2956 omnia
619 2897 651 2956 in
674 2895 814 2975 pollinem
838 2897 1046 2956 tenuissimum
1071 2894 1194 2956 redacta
1207 2911 1238 2953 66

175 2995 259 3046 66616
283 2983 404 3062 colliges
427 2992 457 3045 et
479 2983 674 3065 permiscebis
698 2993 728 3045 et
750 2987 792 3046 ita
814 2984 924 3046 licheni
947 2983 1087 3063 adpones.
