2609 4017
494 161 732 225 -179-

100 323 226 402 Rigores
257 324 406 383 cervicum
435 340 504 384 sevo
533 321 644 384 bubulo
672 325 782 403 optime
805 324 1021 404 perfricantur3
1048 342 1117 385 nam
1137 332 1171 383 16

99 413 244 473 33311333
267 410 446 472 mollescunt
469 421 500 471 et
524 410 608 472 dolor
626 413 723 472 omnis
742 411 884 472 abscedit.
921 411 1038 473 Herbae
1057 422 1117 474 vet·
1137 421 1170 471 11

98 503 217 561 1331333
246 501 392 561 contritae
421 518 512 561 sucus
539 499 575 560 ad
603 500 752 581 scripulos
780 500 855 562 duos
881 501 996 562 adiecto
1019 500 1116 562 mulso

97 591 184 669 potui
211 588 299 649 datus
326 588 459 649 dolorem
486 589 638 650 cervicum
662 588 765 670 leniet,
793 590 846 650 sed
875 589 1057 652 febricitanti
1080 608 1116 652 ex

73 695 177 757 saqua
200 676 295 737 calida
318 677 383 738 dari
406 684 532 756 oportet

190 765 239 826 Sal
266 766 298 826 in
325 784 413 827 sacco
440 765 601 827 calefactus
627 767 837 846 inpositusque
861 769 975 828 umeris
998 785 1116 829 omnem
1136 775 1169 826 18

97 854 233 916 dolorem
256 855 367 933 optime
390 854 526 934 discutit,
550 857 576 916 si
600 854 723 916 adsidue
747 863 962 938 commutetur,
989 856 1115 918 313311-

97 945 165 1004 dior
192 950 335 1024 ponatur3
362 942 427 1004 lana
454 961 573 1022 quoque
601 943 705 1004 sucida
735 961 771 1005 ex
794 943 861 1005 oleo
885 944 979 1006 calido
1003 947 1115 1006 umeris

96 1033 233 1112 adposita
252 1031 398 1094 medetur.
433 1032 563 1110 Spongia
580 1032 686 1093 leviter
703 1050 857 1115 mucrone,
881 1052 939 1112 quo
959 1033 1046 1095 homo
1066 1053 1114 1098 oc·
1134 1041 1166 1090 13

54 1138 84 1178 33
98 1123 180 1182 31333
199 1130 255 1203 331,
274 1120 388 1182 adtacta
407 1128 438 1182 et
456 1120 550 1182 calida
564 1122 677 1182 umeris
692 1121 825 1200 adposita
839 1122 992 1203 medetur;
1015 1131 1115 1184 cetera

98 1229 178 1290 3333,
203 1227 279 1289 quae
298 1218 369 1271 sunt
388 1211 420 1270 in
439 1208 558 1271 lacertis
576 1209 768 1271 brachiorum
787 1219 818 1271 et
837 1210 946 1272 cubitis
966 1219 996 1272 et
1014 1211 1115 1290 digitis

96 1317 129 1359 ac
159 1300 261 1358 nervis
288 1306 319 1358 et
345 1297 493 1379 articulis,
520 1301 655 1360 causaria
682 1301 783 1379 acopis
812 1308 841 1361 et
864 1299 1061 1361 calefactoriis
1085 1308 1115 1361 et

95 1387 238 1449 remediis
258 1386 384 1448 diversis
403 1395 555 1468 curantur,
575 1405 650 1466 quae
669 1389 759 1448 variis
778 1388 851 1450 locis
871 1396 942 1450 sunt
956 1389 1112 1470 adscripta.

185 1476 230 1536 Ad
254 1475 355 1536 hircos
378 1485 407 1537 et
430 1474 491 1536 alas
513 1477 641 1537 fetentes
665 1477 829 1538 remedium
857 1479 914 1539 sic:
946 1476 1031 1539 Hirci
1053 1497 1112 1538 ma·
1131 1483 1167 1534 1ο

53 1567 223 1626 3313313313
245 1582 339 1625 33333
359 1582 459 1625 rasum
478 1564 525 1625 vel
543 1572 681 1626 exustum
701 1583 769 1626 cum
788 1565 855 1626 felle
874 1565 951 1627 hirci
969 1568 1113 1627 miscetur

96 1661 125 1714 et
139 1653 274 1732 pondere
288 1671 384 1732 aequo
398 1670 497 1732 myrra
510 1652 639 1715 adicitur
652 1664 742 1732 atque
762 1653 831 1714 inde
846 1652 969 1714 ascellae
984 1653 1113 1732 demptis

94 1745 180 1822 prius
204 1740 273 1821 pilis
296 1741 419 1803 adsidue
443 1741 652 1820 perfricantur.
698 1741 824 1802 11133333
853 1743 980 1804 33133331
1004 1744 1165 1802 313333111

94 1833 237 1912 mixtum,
264 1832 291 1890 si
317 1832 349 1890 in
376 1849 470 1891 unum
497 1839 634 1892 conteras
663 1841 751 1909 atque
778 1830 837 1891 alas
861 1830 966 1892 fetidas
990 1830 1112 1892 adsidue

93 1920 256 1999 perfrices,
284 1917 395 1979 bonum
420 1918 478 1980 illis
501 1918 626 1981 halitum
649 1919 770 1980 excluso
794 1927 889 1980 133133
913 1920 1004 1981 odore
1027 1937 1111 1999 prae·

50 2008 198 2070 1313131313.
239 2007 314 2068 Caro
338 2006 461 2068 vitulina
484 2026 589 2069 recens
617 2027 686 2068 cum
714 2016 798 2070 aceto
827 2017 910 2070 cocta
934 2008 1111 2088 madidaque
1131 2013 1164 2063 22

91 2097 148 2157 alis
171 2098 302 2176 inposita
325 2095 449 2157 fetorem
468 2096 546 2157 hirci
564 2099 769 2158 taeterrimum
788 2097 873 2159 tollit.
914 2097 1012 2178 lllyrra
1032 2100 1164 2159 3133323

89 2194 184 2247 tunsa
203 2184 326 2246 adsidue
344 2185 405 2245 alas
425 2184 565 2266 confrica,
588 2187 693 2247 vitium
712 2186 816 2248 fetoris
836 2189 910 2249 mire
929 2186 1109 2248 emendabis.
1196 2207 1200 2215 ·

87 2273 291 2352 Laserpitium
318 2275 553 2335 vetustissimum
581 2275 687 2357 tunde,
714 2275 813 2337 cribra
841 2283 929 2354 atque
952 2275 1021 2337 inde
1045 2276 1105 2337 alas
1128 2280 1162 2330 24

88 2362 230 2442 perfrica,
252 2361 389 2442 similiter
411 2362 553 2441 proderit.
590 2362 675 2424 Nitro
700 2382 735 2424 er
758 2383 834 2443 aqua
857 2363 950 2425 diluto
974 2363 1020 2424 vel
1043 2364 1158 2425 313-25

47 2466 74 2507 33
89 2453 172 2512 mine
191 2452 259 2511 vino
278 2453 403 2511 remisso
422 2459 507 2512 utere
526 2469 615 2530 quam
634 2453 808 2530 saepissime
827 2452 864 2512 ad
883 2451 994 2512 alarum
1013 2452 1105 2514 feten-

91 2542 170 2601 tium
193 2539 439 2600 emendationem.
510 2583 523 2606 0

180 2628 224 2688 Ad
247 2627 457 2707 paronychiam
477 2635 507 2688 et
525 2629 756 2708 suppurationes
775 2627 1005 2706 unguiculorum
1024 2627 1103 2707 glan·
1126 2634 1161 2686 16

88 2717 159 2777 dem
178 2719 279 2777 tritam
298 2735 365 2777 cum
385 2734 496 2794 sapone
509 2717 633 2798 adpone,
651 2716 779 2777 ibiscum
795 2735 914 2796 quoque
929 2735 998 2778 cum
1013 2734 1103 2778 axun-

87 2808 136 2884 gia
156 2812 187 2865 et
205 2822 282 2883 pane
300 2807 373 2866 trito
390 2806 508 2885 inpone.
531 2805 571 2866 Ut
589 2807 708 2866 excussi
727 2823 842 2884 ungues
861 2807 920 2867 cito
936 2815 1103 2888 resurgant,
1122 2812 1158 2862 27

47 2910 73 2949 so
87 2893 328 2973 quinquefolium
351 2911 420 2954 cum
443 2893 529 2973 adipe
553 2893 684 2972 qualibet
706 2897 810 2957 tritum
833 2896 1001 2978 inponitur,
1028 2895 1104 2958 olea·

88 2985 145 3043 stri
159 3000 279 3061 quoque
293 2981 362 3042 folia
376 2982 618 3044 commanducata
631 2983 804 3044 recentibus
817 2987 963 3064 unguium
973 2985 1102 3047 vulneri-

86 3070 146 3132 bus
172 3079 256 3132 recte
283 3072 478 3150 inponuntur.
523 3071 723 3151 Paronychiae
752 3080 868 3148 stercus
896 3093 932 3136 33
961 3074 1103 3137 auriculis
1122 3080 1158 3130 18

85 3162 198 3240 inpone
222 3167 253 3220 et
274 3158 428 3222 linteolum
452 3159 642 3242 superalliga,
668 3159 814 3223 mirabere
837 3163 1010 3225 remedium.
1055 3163 1102 3223 Ad
1122 3169 1156 3218 13

89 3249 171 3309 idem
198 3266 285 3309 uvam
312 3267 429 3327 passam
457 3248 639 3310 enucleatam
668 3269 736 3311 cum
764 3258 831 3312 ture
857 3254 928 3312 trito
952 3251 1105 3312 subactam

179 3460 213 3509 17
237 3455 341 3524 3133331
364 3454 601 3526 (133333133333
628 3457 760 3524 formam,
786 3473 868 3525 quom
890 3456 1015 3511 33331133
1038 3455 1104 3513 13313

87 3527 172 3583 codex
191 3526 307 3595 33113131,
324 3526 440 3582 33311131.

888 3613 942 3668 12*

1143 3771 1242 3972 f
