2609 4017
574 257 613 268 -
661 223 816 287 262-

185 403 261 465 quac
285 383 396 446 Graece
420 384 610 465 sisymbrium
630 386 750 466 dicitur,
772 387 861 447 tritae
880 404 971 447 sucus
990 404 1155 465 expressus
1175 394 1208 446 et

185 492 257 535 sano
281 492 317 535 ex
340 476 422 554 vino,
450 474 632 535 febricitanti
655 493 692 535 66
714 493 791 554 6666
813 478 897 554 potui
921 475 1009 536 datus
1031 478 1143 535 mirum
1168 476 1207 535 ad

132 575 165 625 66
185 566 316 625 vessicae
340 562 459 623 dolores
481 563 648 624 remedium
671 570 726 624 est.
762 564 938 625 Feniculum
962 582 1031 624 oum
1049 564 1207 625 radicibus

185 655 247 713 6616
271 652 428 712 decoctum
451 659 482 712 et
504 654 589 731 potui
612 660 766 731 sumptum
787 653 950 714 efficaciter
968 655 1099 714 vessicae
1120 654 1207 713 dolo-

184 740 268 802 ribus
291 740 423 820 prodest.
1219 762 1233 801 6

132 841 165 890 63
273 828 479 909 Glyoyrrhizae
495 829 755 891 commanducatae
771 850 862 892 sucus
876 831 1037 892 devoratus
1045 830 1092 891 vel
1105 839 1207 892 trans·

132 929 166 977 64
185 919 295 978 missus
309 921 426 979 urinam
443 918 605 980 efficaciter
617 929 768 1000 provocat,
796 919 953 980 Trifolium
968 921 1118 981 minutum
1135 940 1207 981 cunr

185 1009 288 1086 pipere
319 1017 350 1068 et
376 1008 476 1087 puleio
504 1016 648 1087 quantum
678 1011 750 1070 satis
777 1008 927 1069 videbitur
951 1010 1057 1070 tritum
1080 1016 1110 1069 et
1134 1028 1206 1071 cum

131 1106 165 1156 66
186 1097 252 1156 vino
270 1099 355 1175 potui
373 1097 474 1158 datum
493 1099 637 1158 vessicam
657 1115 805 1178 renesque
824 1097 971 1177 purgabit.
1001 1097 1118 1159 Herbae
1139 1118 1207 1159 ver-

184 1184 278 1246 bonae
306 1188 452 1247 contritae
481 1204 572 1247 sucus
595 1204 756 1266 expressus
780 1187 904 1248 adiectis
926 1188 988 1246 vini
1011 1187 1126 1267 cyathis
1151 1190 1207 1247 tri-
1221 1205 1247 1243 10

184 1272 240 1334 bus
268 1276 353 1353 potui
378 1275 465 1336 datus
488 1274 703 1336 admirabiliter
726 1278 870 1337 continuo
893 1277 998 1335 urinae
1020 1275 1207 1337 difficultati·

131 1372 165 1421 66
185 1361 241 1422 666
260 1362 403 1442 proderit.
436 1362 543 1446 Herba,
563 1382 639 1443 6666
658 1382 780 1443 gramen
800 1364 911 1426 dicitur
925 1364 1072 1425 nodorum
1087 1364 1208 1446 xxvii,

184 1469 220 1513 66
248 1452 317 1512 vino
350 1452 386 1513 ad
413 1452 526 1513 medias
554 1452 677 1514 decocta
704 1462 736 1515 et
758 1472 898 1534 expressa
920 1462 1009 1532 66666
1033 1454 1130 1515 colata
1153 1474 1208 1531 po

184 1542 287 1620 tuique
312 1544 516 1621 strangurioso
544 1560 581 1601 ex
603 1544 666 1603 vini
693 1542 797 1622 cyatho
826 1561 886 1604 uno
916 1544 1007 1602 mixta
1034 1542 1101 1603 data
1129 1543 1207 1604 adeo

183 1638 322 1707 potenter
354 1634 517 1713 succurrit,
545 1639 579 1691 ut
607 1630 660 1691 ubi
687 1634 753 1692 sine
780 1638 929 1691 tormento
957 1633 1075 1691 urinam
1101 1633 1206 1693 facere
1222 1649 1247 1688 15

184 1721 330 1800 eoeperit,
358 1719 423 1781 dari
445 1738 506 1781 non
529 1728 675 1801 oporteat,
699 1720 752 1780 sed
775 1719 956 1781 febricitanti
979 1739 1014 1780 66
1039 1738 1115 1799 6666
1140 1720 1207 1781 6616
1296 1729 1297 1734 ’

185 1806 311 1870 dabitur.
1296 1809 1297 1812 ’

131 1905 164 1954 ct
274 1896 306 1957 Si
330 1899 397 1976 quis
420 1899 492 1958 vitio
515 1899 647 1957 vessicae
671 1905 722 1958 666
741 1899 903 1976 strangurii
926 1895 1064 1957 laborans
1087 1897 1205 1975 lignum

101 2054 111 2071 ο
184 1987 359 2046 tamaricum
387 1986 495 2046 ardens
525 1985 597 2047 lotio
621 2004 675 2047 suo
695 1988 868 2067 extinxerit,
897 1987 1013 2047 desinet
1036 1986 1114 2047 ultra
1133 2006 1205 2048 cru-

131 2081 164 2130 68
185 2074 265 2133 ciari.
298 2073 440 2153 Gupressi
462 2074 531 2133 folia
554 2082 659 2136 tenera
678 2094 826 2155 6666666
846 2077 983 2136 sextariis
1002 2083 1145 2155 quattuor
1166 2076 1204 2136 ad
1221 2091 1249 2130 so

184 2163 345 2222 sextarium
368 2161 490 2222 decocta
509 2171 539 2224 et
558 2182 700 2244 expressa
718 2173 808 2243 atque
827 2163 921 2225 colata
940 2182 1009 2224 cum
1027 2166 1096 2225 vino
1114 2168 1206 2243 potui

184 2250 251 2310 data
274 2252 443 2329 stranguria
467 2251 606 2313 celeriter
630 2253 797 2314 emendant.

132 2350 164 2400 66
273 2338 407 2401 Hederae
430 2342 531 2419 nigrae
555 2341 644 2402 bacas
667 2340 691 2400 V
714 2350 766 2402 aut
788 2341 825 2402 Vl
851 2350 902 2403 666
929 2341 1081 2422 undecim,
1108 2349 1206 2421 prout

185 2435 265 2489 aetas
293 2431 375 2509 aegri
402 2431 541 2510 viresque
568 2432 735 2512 patientur,
764 2433 906 2491 contritas
935 2448 972 2490 ex
999 2448 1075 2509 6666
1104 2430 1205 2491 mulsa

184 2526 317 2598 sumptas
338 2521 414 2580 mire
432 2518 574 2597 prodesse
594 2519 785 2580 manifestum
806 2528 861 2600 est,
884 2521 974 2580 etiam
993 2522 1020 2579 si
1038 2522 1205 2598 sanguinu-
1220 2537 1249 2577 sa

185 2607 294 2669 lentam
317 2610 435 2669 urinam
459 2610 683 2688 stranguriosus
706 2609 807 2688 faciet3
836 2627 873 2669 66
896 2626 972 2688 6666
995 2609 1204 2669 tantummodo

132 2705 164 2756 66
184 2696 278 2757 calida
302 2715 351 2758 eas
374 2706 478 2777 potare
500 2697 629 2759 debebit.
662 2697 731 2757 Aris
751 2697 912 2776 ossifragae
931 2697 1115 2757 ventriculus
1133 2697 1205 2758 sali-
1297 2733 1298 2736 =

185 2793 242 2866 tus,
266 2796 300 2846 ut
323 2789 437 2847 servari
454 2789 558 2867 possit,
582 2797 633 2847 aut
652 2794 777 2846 exustus
796 2794 826 2846 et
846 2788 876 2846 in
893 2786 1046 2865 pulverem
1060 2785 1205 2847 redactus
1297 2785 1298 2796 ¹

186 2891 254 2933 cum
278 2875 338 2933 vini
361 2878 482 2952 potione
506 2876 592 2936 datus
616 2876 734 2935 urinam
757 2875 920 2935 efficaciter
942 2881 1093 2954 provocat.

133 2971 166 3020 vt
275 2959 362 3021 Mulis
389 2965 568 3043 inpetigines
597 2966 629 3024 in
651 2972 780 3043 utroque
804 2982 893 3024 crure
917 2980 1008 3042 super
1031 2981 1128 3041 genua
1151 2982 1203 3024 na·
1219 2980 1247 3021 oo

186 3056 312 3109 scuntur
331 3058 361 3110 et
380 3051 470 3111 veluti
489 3054 567 3113 cutis
587 3052 686 3113 aridae
706 3053 793 3113 modo
812 3052 982 3132 inhaerent3
1002 3051 1056 3112 bas
1074 3053 1204 3113 incende

185 3147 216 3199 et
244 3140 481 3216 stranguriosum
509 3139 704 3202 divaricatum
733 3141 862 3222 desuper
889 3159 981 3221 pone,
1008 3142 1050 3202 ita
1077 3149 1113 3202 66
1139 3142 1203 3201 suf·

185 3227 409 3307 fumigationenr
437 3228 517 3289 illam
541 3232 680 3309 expansis
704 3230 837 3292 vestibus
861 3238 955 3311 tegat,
984 3248 1021 3291 ne
1045 3248 1104 3310 666
1128 3230 1204 3290 odor

276 3380 1203 3453 1666166666.666666666666161666666666.96-66

186 3450 309 3521 gabitur.
419 3459 452 3507 14
475 3454 671 3523 strangulioso.
781 3458 815 3508 18
839 3456 915 3508 suan
916 3455 1015 3523 gorius
1039 3402 1202 3511 mmmm.

188 3526 220 3574 19
241 3523 413 3578 extincxerit
522 3529 556 3578 62
581 3524 772 3594 stranguriam
791 3524 952 3580 Cormalos.
1061 3526 1202 3581 emendat.

186 3596 220 3645 25
240 3590 337 3662 etiam]
356 3609 431 3647 narn.
503 3600 537 3648 66
557 3594 604 3665 66]
623 3596 660 3648 66.
732 3595 905 3651 6766111666.
980 3596 1123 3651 3016666

10 3677 217 3967 ,Ἶ
