2609 4017
603 188 841 253 -276-

157 364 191 414 14
210 368 303 430 aquae
331 350 443 413 calidae
470 353 591 429 potione
614 358 744 429 potetur.
789 349 907 410 Herhae
930 350 1118 411 Britannicae
1139 350 1210 411 radix

210 439 257 501 vel
279 439 348 501 lolia
371 442 488 501 incocta
511 440 558 500 vel
580 457 665 521 aqua,
690 443 722 501 in
745 457 804 519 qua
826 441 961 500 tamarici
983 438 1054 500 lolia
1074 448 1105 500 et
1122 457 1211 500 semen

210 531 362 591 incoctum
385 528 488 609 fuerit,
516 530 682 590 torminoso
708 528 836 608 potanda
860 528 948 590 detur
970 529 1060 589 etiam
1083 546 1150 589 cum
1169 528 1210 588 ad·

159 631 192 681 15
211 619 354 679 mixtione
383 618 444 677 vini
472 618 592 679 austeri.
638 618 780 697 Plantago
809 625 893 679 cocta
914 626 982 678 ante
1011 617 1102 679 alium
1124 616 1212 678 cibum

211 707 278 767 data
302 724 337 767 ex
361 713 445 766 aceto
468 706 597 784 plurimo
621 715 651 767 et
674 709 780 786 exiguo
804 706 865 767 sale
888 714 978 786 atque
997 706 1063 767 oleo
1082 708 1234 767 termino-s

211 796 253 855 sis
275 794 438 874 plurimum
461 795 592 873 prodest.

158 897 192 947 16
299 882 480 963 plantaginis
508 885 608 945 aridae
636 902 738 945 semen
766 884 870 945 tritum
894 902 930 944 ex
951 883 1089 962 partibus
1112 882 1215 944 duabus

211 979 242 1032 et
264 974 419 1050 papaveris
443 975 539 1052 capita
562 973 644 1033 arida
668 976 738 1033 trita
761 991 798 1033 ex
820 981 905 1051 parte
928 975 1017 1033 tertia
1036 980 1153 1052 oportet
1168 990 1216 1051 per
1276 1025 1277 1040 y

211 1059 346 1123 cribrum
369 1063 499 1123 tenuiter
519 1062 648 1123 foratum
668 1062 756 1122 traici
774 1080 811 1121 ex
829 1079 924 1141 eoque
942 1060 1066 1140 pulvere
1085 1061 1149 1122 dari
1163 1069 1216 1121 tor·
1276 1069 1277 1138 ζ

210 1151 327 1211 minoso
346 1149 453 1229 ligulae
470 1168 593 1230 magnae
608 1168 788 1229 mensuram,
806 1150 956 1211 interdum
970 1148 1039 1228 plus
1053 1152 1216 1228 autminus,
1230 1166 1250 1203 u

211 1256 281 1299 cum
303 1240 364 1299 vini
387 1240 496 1299 veteris
519 1241 604 1299 mixti
627 1257 688 1299 non
711 1240 845 1319 nimium,
868 1238 899 1298 id
923 1246 968 1299 est
987 1239 1103 1318 cyathis
1119 1237 1218 1299 tribus.

211 1324 275 1387 IIoc
302 1327 552 1389 medicamentum
587 1336 654 1389 ante
688 1346 827 1388 somnum
854 1326 967 1389 utiliter
995 1330 1085 1388 etiam
1114 1327 1149 1388 ad
1176 1345 1219 1387 re-

213 1432 331 1493 speram
355 1414 451 1476 datur.

162 1519 194 1567 tr
302 1502 428 1565 Prodest
452 1505 623 1565 tormInosis
640 1504 812 1565 hulusmodi
830 1504 968 1566 sorbitio:
991 1504 1092 1566 Alicae
1109 1504 1221 1565 hemina

214 1594 410 1672 persequitur
434 1611 502 1653 cum
525 1611 611 1655 cerae
635 1600 666 1653 et
688 1604 774 1654 rutae
798 1592 824 1653 Ii
843 1592 864 1673 1,
887 1593 1068 1655 admiscetur
1091 1612 1161 1654 sane
1177 1593 1252 1653 hiso

216 1689 245 1742 et
271 1681 381 1743 malum
409 1692 565 1759 granatum
591 1690 681 1760 atque
709 1684 750 1742 ita
778 1681 867 1743 simul
890 1690 1062 1761 coquuntur
1085 1684 1117 1742 iu
1139 1700 1222 1761 aqua3

214 1778 283 1850 post
305 1769 363 1830 hoc
387 1772 596 1849 exprimuntur
614 1772 713 1831 omnia
731 1778 762 1831 et
780 1772 966 1850 coagitantur
985 1771 1037 1832 diu
1055 1790 1091 1833 ac
1109 1773 1135 1832 si
1153 1789 1223 1850 opus

215 1859 315 1939 fuerit,
339 1858 466 1920 adicitur
489 1858 562 1920 alica
581 1868 675 1940 cocta,
698 1866 732 1919 ut
750 1861 781 1920 in
799 1859 922 1920 modum
940 1859 1032 1938 pultis
1051 1862 1098 1921 sit.
1129 1858 1223 1920 Laetis

217 1965 336 2025 quoque
363 1945 469 2008 bubuli
495 1956 547 2009 aut
574 1946 736 2008 cuiuslibet
758 1946 784 2007 X
807 1946 820 2007 I
843 1948 1024 2009 admiscetur
1047 1956 1077 2009 et
1100 1950 1144 2010 sic
1166 1966 1224 2009 sor·

215 2033 312 2097 betur.
360 2034 392 2094 Si
419 2043 518 2095 autem
551 2036 730 2097 manducare
762 2038 848 2115 panis
879 2055 963 2097 more
990 2035 1063 2097 illud
1092 2036 1256 2115 volueristt

217 2122 308 2183 addes
334 2121 395 2184 illic
423 2141 477 2183 ova
504 2125 621 2185 incocta
648 2127 706 2185 tria
734 2132 765 2185 et
790 2124 928 2204 polentae
953 2125 1063 2186 nitidae
1087 2125 1224 2186 delicatae

217 2217 361 2289 quantum
385 2214 457 2271 satis
481 2214 547 2293 erit,
571 2220 604 2273 ut
626 2215 712 2293 panis
735 2213 802 2274 fieri
824 2232 861 2274 ex
883 2231 919 2275 eo
942 2216 1046 2295 possit,
1069 2216 1121 2293 qui
1141 2217 1225 2275 etiam
1277 2279 1278 2290 q

216 2298 342 2379 frigidus
366 2307 516 2362 comestus
539 2301 701 2381 plurimum
724 2302 856 2381 prodest.

164 2401 196 2451 18
305 2387 552 2451 Medicamentum
580 2390 616 2450 ad
643 2393 825 2451 torminosos
855 2391 1027 2453 huiusmodi
1056 2393 1129 2453 satis
1156 2391 1225 2454 utile

215 2485 274 2539 est:
298 2477 385 2539 Croci
408 2478 465 2539 III
489 2487 519 2539 et
542 2479 617 2540 duae
640 2487 741 2557 partes
764 2481 926 2562 vlotoriati,
950 2480 1035 2542 nardi
1057 2479 1144 2562 xli,
1165 2492 1256 2541 aea-2⁵

215 2569 278 2629 ciae
301 2566 327 2627 II
346 2566 401 2648 III,
429 2566 521 2646 gadas
544 2566 570 2627 X
589 2566 643 2649 111,
672 2567 752 2628 aloes
774 2571 923 2630 victoriati
946 2587 1016 2647 pars
1038 2572 1140 2650 tertia,
1162 2569 1227 2649 lycii

215 2655 241 2716 Ii
260 2654 286 2737 1,
310 2657 371 2734 opii
394 2654 420 2715 X
440 2656 473 2736 S,
498 2656 684 2735 tragacanthi
707 2655 773 2716 lis
801 2665 832 2718 et
854 2659 944 2719 tertia
968 2660 1046 2738 eius,
1072 2661 1151 2720 turis
1174 2656 1226 2719 XI

216 2751 247 2805 et
264 2746 414 2805 victoriati
430 2753 531 2825 partes
550 2745 635 2825 duae,
654 2763 771 2824 myrrae
790 2745 816 2805 II
835 2745 870 2828 Π,
888 2749 1003 2827 piperis
1017 2746 1042 2807 X
1057 2746 1086 2808 S.
1117 2746 1225 2810 Terun·

216 2838 266 2893 tur
295 2839 325 2891 et
349 2832 520 2895 cribrantur
542 2833 616 2896 haec
639 2833 798 2913 diligenter
820 2843 911 2915 atque
933 2855 970 2896 ex
993 2839 1061 2896 vino
1084 2838 1161 2898 liunt
1182 2855 1226 2917 pa·

217 2918 288 2979 stilli
306 2919 401 2997 lupIni
420 2922 641 3005 magnitudInis‚
661 2923 769 2984 dantur
783 2942 852 2985 cum
866 2924 964 2986 trihus
978 2924 1093 3004 cyathis
1106 2925 1226 3005 liquoris
1236 2938 1256 2978 rt

217 3006 377 3068 cuiuslibet
399 3016 460 3069 tam
484 3010 548 3092 diu,
577 3030 734 3091 quousque
757 3015 927 3093 conveniat,
955 3020 990 3073 ut
1014 3015 1145 3074 tormina
1167 3016 1226 3074 uni·

216 3114 302 3157 versa
325 3096 476 3159 sedentur.

166 3198 198 3246 19
307 3184 420 3246 Inmitti
447 3189 619 3249 torminosis
647 3206 702 3267 per
729 3187 887 3268 clysterem
919 3196 1038 3269 oportet
1065 3191 1168 3249 vinum
1195 3206 1226 3249 ex

216 3275 291 3352 piris
316 3274 444 3354 SyriacIs
467 3275 579 3338 factum
602 3296 672 3338 cum
695 3295 767 3338 suco
790 3276 982 3359 plantagInis3
1004 3278 1130 3339 mirifice
1152 3280 1227 3338 enim

216 3361 288 3423 facit
310 3362 368 3424 hoc
390 3365 556 3427 remedium
579 3372 609 3425 et
631 3364 734 3426 multis
757 3367 996 3444 experimentum
1019 3366 1109 3428 dedit.
1235 3376 1255 3419 ⁸⁵

308 3550 452 3621 Iaridse]
473 3550 592 3607 aradios.
648 3556 683 3605 26
701 3551 767 3606 licii.
823 3558 857 3608 27
876 3553 998 3610 tertiam.
1053 3560 1088 3609 33
1102 3554 1225 3624 clystere.
