2609 4017
473 171 714 234 -177—

173 332 346 413 Conpositio
373 331 546 412 ecligmatii,
574 332 655 411 quod
684 332 754 394 iacit
782 332 817 392 ad
841 332 986 412 pthisicos
1010 344 1040 395 et
1064 334 1102 396 ad
1120 348 1156 398 te

84 440 146 500 eos,
170 421 280 500 quibus
303 420 404 500 pulmo
427 439 482 501 per
504 420 733 482 destillationem
759 439 832 482 urae
851 420 1024 483 vulneratus
1043 433 1102 486 esi:

83 510 140 571 lris
168 509 302 590 Illyricae
332 537 384 553 -Ι
398 509 423 590 Ι,
452 511 551 589 spicae
579 508 707 570 Celticae
735 509 830 592 -1,
859 510 965 591 hysopi
992 510 1103 574 Cretici

88 631 124 642 -
142 598 167 678 1,
185 617 286 659 ameos
300 632 343 640 —
357 598 392 678 ΙΙ,
413 601 529 660 resinae
548 598 767 660 terebinthinae
784 631 821 642 -
838 599 860 679 1,
880 601 992 679 piperis
1011 632 1050 644 -
1066 598 1102 681 ll,

44 710 58 751 s
85 689 149 749 ervi
173 689 273 748 russei
298 720 335 730 -
357 686 396 764 11,
424 687 525 767 butyri
548 719 591 730 —
610 686 662 766 Vl,
689 687 786 748 mellis
813 687 980 768 despumati
1007 687 1038 750 P.
1062 688 1102 750 Ill

84 785 114 837 et
133 809 178 819 -
196 775 283 836 Vllll.
319 775 370 857 lla,
394 794 469 855 quae
493 777 524 836 in
542 775 696 855 pulverem
715 776 876 855 redigenda
895 785 975 859 sunt,
993 777 1102 840 tundes

84 873 115 926 et
137 863 365 945 diligentissime
388 883 507 946 cernes,
535 867 666 926 resinam
693 883 763 926 rere
793 873 823 926 ct
851 864 992 946 butyrum
1021 866 1102 928 lento

83 956 153 1034 igne
173 951 361 1035 liquefaciesy
379 961 482 1033 postea
501 952 587 1014 melle
606 955 793 1031 permixtum
806 961 902 1016 totum
920 973 1011 1034 supra
1030 958 1101 1018 scri-

83 1052 205 1122 ptarum
229 1044 397 1121 specierum
420 1042 573 1123 pulverem
596 1041 718 1121 colliges
741 1051 771 1104 ct
794 1041 882 1104 simul
905 1063 1101 1106 commacera-

44 1153 71 1193 ro
85 1139 150 1192 tum
170 1133 201 1191 in
221 1130 335 1192 doleolo
355 1133 442 1192 ritrio
461 1150 589 1211 repones
608 1130 762 1212 utendum,
780 1149 849 1193 cum
869 1150 942 1194 usus
960 1135 1102 1213 exegerit,

84 1221 125 1281 ita
149 1227 184 1281 ut
207 1228 322 1281 mature
345 1221 455 1281 ieiunis
478 1229 563 1281 terna
587 1219 725 1281 cocliaria
749 1219 866 1284 dentur.

495 1413 573 1476 CAP.
597 1413 697 1476 xv111.

83 1525 292 1582 Umerorum
319 1528 355 1582 et
380 1527 565 1583 cervicium
588 1526 766 1582 doloribus
788 1530 824 1583 et
847 1526 1102 1596 opisthotonicis

115 1618 153 1670 et
179 1613 322 1672 hircosis
352 1617 387 1671 et
413 1616 589 1684 unguibus
616 1618 652 1671 et
678 1615 894 1685 paronychiis
920 1615 1071 1670 remedia

138 1703 355 1760 rationabilis
373 1707 407 1760 et
424 1705 566 1773 physice
584 1703 719 1760 diverse
737 1704 780 1759 de
800 1702 1050 1772 experimentis.

175 1838 278 1900 Umeri
287 1839 420 1901 dolorem
434 1840 577 1901 mustelae
588 1847 710 1901 exustae
721 1841 796 1901 cinis
806 1840 895 1900 tritus
910 1847 941 1900 et
955 1857 1023 1900 cum
1033 1857 1102 1900 cera
1123 1852 1137 1899 1

84 1930 254 2008 permixtus
273 1947 307 1989 ac
327 1928 469 1990 subactus
488 1937 518 1990 et
537 1931 631 1990 ceroti
649 1946 733 1989 more
749 1929 906 2007 impositus
921 1929 996 1988 mire
1010 1936 1102 1990 sanat.

176 2018 220 2078 Ad
246 2019 379 2079 cervices
402 2026 433 2078 et
455 2036 616 2079 nervorum
638 2017 755 2079 subitos
778 2024 829 2079 aut
849 2025 965 2078 veteres
984 2016 1137 2078 dolorosa

46 2128 72 2170 1⁵
86 2114 117 2166 ct
140 2108 335 2168 contusiones
354 2107 602 2190 medicamentum
620 2106 704 2168 valde
723 2109 934 2187 necessarium,
958 2106 1037 2185 quod
1056 2106 1104 2168 dia

86 2204 204 2257 steaton
229 2196 346 2276 dicitur,
370 2197 427 2256 sic:
450 2195 582 2255 Masticis
599 2194 707 2276 -ΙΙΙ,
730 2195 788 2257 olei
809 2197 889 2256 rosei
907 2194 1022 2276 libram,
1046 2195 1105 2258 olei

85 2283 239 2362 gremialis
258 2283 397 2344 selibram
417 2283 461 2344 rel
479 2282 558 2362 quod
573 2284 710 2362 sufficiat,
729 2302 815 2345 cerae
830 2282 970 2345 Ponticae
989 2283 1104 2363 libram,

87 2374 152 2434 seri
177 2374 289 2433 cervini
312 2372 428 2452 libram,
451 2371 597 2434 medullae
619 2375 757 2434 cervinae
781 2372 901 2453 libram,
924 2371 1019 2450 adipis
1039 2371 1103 2451 pul-

86 2461 166 2522 linae
186 2460 301 2542 libram,
315 2452 415 2540 'adipis
434 2462 590 2522 anserinae
608 2460 723 2542 libram,
745 2461 840 2540 adipis
859 2461 1003 2522 serotinae
1022 2458 1053 2520 P.
1068 2459 1103 2539 ll,

44 2572 72 2613 so
86 2550 276 2628 iaenograeci
308 2553 374 2611 suci
403 2550 569 2630 heminam,
603 2550 658 2609 lini
691 2550 813 2610 seminis
847 2550 912 2609 suci
945 2547 1105 2625 heminam,

85 2639 177 2700 ibisci
203 2640 270 2700 suci
296 2639 458 2718 heminam,
486 2637 678 2700 chamaemeli
701 2636 888 2717 fasciculum,
914 2635 1016 2696 anethi
1039 2653 1104 2696 sur·

87 2727 175 2789 culos
198 2726 257 2788 Vll.
302 2726 445 2789 blastiche
473 2745 542 2788 cum
569 2727 634 2787 oleo
663 2743 785 2786 rosaceo
813 2727 845 2786 in
869 2726 1011 2785 mortario
1036 2741 1104 2785 con·

86 2825 214 2897 teratur,
237 2817 353 2894 species
377 2834 446 2877 vero
471 2833 560 2895 supra
581 2817 694 2896 sciptae
713 2812 793 2875 lento
813 2815 880 2894 igne
899 2813 1104 2892 decoquantur

85 2913 119 2966 et
147 2907 213 2966 suci
241 2924 309 2966 cum
338 2923 406 2966 cera
438 2922 573 2966 seorsum
606 2906 789 2966 misceantur
822 2911 853 2964 ct
883 2903 981 2963 omnia
1013 2905 1103 2965 mixta

87 2993 239 3074 colentur3
268 2995 312 3055 sic
341 3001 443 3074 postea
470 2992 613 3056 mastiche
642 3012 711 3054 cum
734 2993 799 3054 oleo
823 2993 1050 3072 supermittatur
1074 2999 1104 3053 et

180 3181 363 3266 ieiigmetii.
434 3179 704 3266 idesiellationem.
758 3187 793 3264 ‚3
811 3180 938 3236 illiricae.
1010 3179 1104 3263 ysopi.

88 3253 329 3337 4terebent1nee.
420 3258 542 3322 tryser.
637 3255 822 3321 8permnrto.
919 3257 953 3306 10
982 3252 1103 3320 exigent

88 3330 121 3379 m
138 3340 460 3466 Mhhhfopntotonicn.
532 3395 668 3464 hyrcosis,
739 3392 919 3464 persnicbiis.

181 3471 215 3522 ii
235 3466 404 3537 graeminlis.
512 3471 547 3520 20
571 3483 590 3521 a
611 3466 752 3522 vocubulis
774 3463 916 3534 fenogreci
940 3463 1000 3519 suci
1021 3463 1106 3519 codes

88 3538 182 3605 deficit
199 3553 284 3608 usque
301 3539 340 3594 cd
357 3554 380 3594 c.
398 3536 458 3606 XX,
477 3542 512 3592 it
530 3535 615 3592 Gibos
633 3553 700 3593 rere
720 3536 788 3591 dari.

143 3637 308 3690 Menexenus,
321 3645 361 3678 nn.
375 3638 531 3678 Hnnnrron.
913 3628 945 3677 12
