<?xml version="1.0" encoding="UTF-8"?>
<!DOCTYPE html PUBLIC "-//W3C//DTD XHTML 1.0 Transitional//EN"
    "http://www.w3.org/TR/xhtml1/DTD/xhtml1-transitional.dtd">
<html xmlns="http://www.w3.org/1999/xhtml" xml:lang="en" lang="en">
 <head>
  <title>
</title>
<meta http-equiv="Content-Type" content="text/html;charset=utf-8" />
  <meta name='ocr-system' content='tesseract 3.04.00' />
  <meta name='ocr-capabilities' content='ocr_page ocr_carea ocr_par ocr_line ocrx_word'/>
</head>
<body>
  <div class='ocr_page' id='page_1' title='image "./marcellidemedic03helmgoog_0020.png"; bbox 0 0 2609 4017; ppageno 0'>
   <div class='ocr_carea' id='block_1_1' title="bbox 577 118 770 181">
    <p class='ocr_par' dir='ltr' id='par_1_1' title="bbox 577 118 770 181">
     <span class='ocr_line' id='line_1_1' title="bbox 577 118 770 181; baseline 0.005 -20"><span class='ocrx_word' id='word_1_1' title='bbox 577 118 770 181; x_wconf 70' lang='lat' dir='ltr'><strong>„g-</strong></span> 
     </span>
    </p>
   </div>
   <div class='ocr_carea' id='block_1_2' title="bbox 128 265 1290 3200">
    <p class='ocr_par' dir='ltr' id='par_1_2' title="bbox 165 265 1290 715">
     <span class='ocr_line' id='line_1_2' title="bbox 166 265 1290 358; baseline 0.004 -17"><span class='ocrx_word' id='word_1_2' title='bbox 166 280 255 341; x_wconf 89' lang='lat' dir='ltr'><strong>della:</strong></span> <span class='ocrx_word' id='word_1_3' title='bbox 280 279 415 341; x_wconf 86' lang='lat' dir='ltr'><strong>Feniculi</strong></span> <span class='ocrx_word' id='word_1_4' title='bbox 438 287 468 339; x_wconf 91' lang='lat' dir='ltr'><strong>et</strong></span> <span class='ocrx_word' id='word_1_5' title='bbox 490 280 550 358; x_wconf 89' lang='lat' dir='ltr'><strong>apii</strong></span> <span class='ocrx_word' id='word_1_6' title='bbox 571 278 688 339; x_wconf 81' lang='lat' dir='ltr'>radices</span> <span class='ocrx_word' id='word_1_7' title='bbox 710 281 780 340; x_wconf 88' lang='lat' dir='ltr'><strong>vino</strong></span> <span class='ocrx_word' id='word_1_8' title='bbox 803 278 923 339; x_wconf 91' lang='lat' dir='ltr'><strong>condito</strong></span> <span class='ocrx_word' id='word_1_9' title='bbox 946 282 1040 340; x_wconf 89' lang='lat' dir='ltr'><strong>veteri</strong></span> <span class='ocrx_word' id='word_1_10' title='bbox 1061 288 1091 341; x_wconf 92' lang='lat' dir='ltr'><strong>et</strong></span> <span class='ocrx_word' id='word_1_11' title='bbox 1110 280 1178 341; x_wconf 90' lang='lat' dir='ltr'><strong>odo·</strong></span> <span class='ocrx_word' id='word_1_12' title='bbox 1289 265 1290 346; x_wconf 40' lang='lat' dir='ltr'><strong>l</strong></span> 
     </span>
     <span class='ocr_line' id='line_1_3' title="bbox 165 367 1290 450; baseline 0 -19"><span class='ocrx_word' id='word_1_13' title='bbox 165 377 230 432; x_wconf 92' lang='lat' dir='ltr'><strong>rato</strong></span> <span class='ocrx_word' id='word_1_14' title='bbox 259 371 378 450; x_wconf 78' lang='lat' dir='ltr'><strong>inicieS,</strong></span> <span class='ocrx_word' id='word_1_15' title='bbox 406 376 437 428; x_wconf 91' lang='lat' dir='ltr'><strong>et</strong></span> <span class='ocrx_word' id='word_1_16' title='bbox 464 386 533 428; x_wconf 92' lang='lat' dir='ltr'><strong>cum</strong></span> <span class='ocrx_word' id='word_1_17' title='bbox 557 386 589 427; x_wconf 91' lang='lat' dir='ltr'><strong>se</strong></span> <span class='ocrx_word' id='word_1_18' title='bbox 612 368 686 429; x_wconf 90' lang='lat' dir='ltr'><strong>baec</strong></span> <span class='ocrx_word' id='word_1_19' title='bbox 710 367 832 429; x_wconf 88' lang='lat' dir='ltr'><strong>coninsa</strong></span> <span class='ocrx_word' id='word_1_20' title='bbox 855 370 1083 449; x_wconf 86' lang='lat' dir='ltr'><strong>maceraverint,</strong></span> <span class='ocrx_word' id='word_1_21' title='bbox 1111 388 1179 431; x_wconf 94' lang='lat' dir='ltr'><strong>cum</strong></span> <span class='ocrx_word' id='word_1_22' title='bbox 1289 409 1290 442; x_wconf 75' lang='lat'>3</span> 
     </span>
     <span class='ocr_line' id='line_1_4' title="bbox 166 455 1179 537; baseline 0 -18"><span class='ocrx_word' id='word_1_23' title='bbox 166 461 229 521; x_wconf 87' lang='lat' dir='ltr'><strong>vini</strong></span> <span class='ocrx_word' id='word_1_24' title='bbox 257 457 371 537; x_wconf 83' lang='lat' dir='ltr'>cyathis</span> <span class='ocrx_word' id='word_1_25' title='bbox 394 455 511 518; x_wconf 89' lang='lat' dir='ltr'><strong>duobus</strong></span> <span class='ocrx_word' id='word_1_26' title='bbox 534 457 710 518; x_wconf 81' lang='lat' dir='ltr'><strong>tantundem</strong></span> <span class='ocrx_word' id='word_1_27' title='bbox 733 456 873 517; x_wconf 85' lang='lat' dir='ltr'><strong>miscebis</strong></span> <span class='ocrx_word' id='word_1_28' title='bbox 896 475 990 536; x_wconf 89' lang='lat' dir='ltr'><strong>aquae</strong></span> <span class='ocrx_word' id='word_1_29' title='bbox 1014 457 1126 518; x_wconf 78' lang='lat' dir='ltr'><strong>calidae</strong></span> <span class='ocrx_word' id='word_1_30' title='bbox 1148 467 1179 519; x_wconf 91' lang='lat' dir='ltr'><strong>et</strong></span> 
     </span>
     <span class='ocr_line' id='line_1_5' title="bbox 165 533 1290 625; baseline -0.002 -16"><span class='ocrx_word' id='word_1_31' title='bbox 165 550 266 609; x_wconf 90' lang='lat' dir='ltr'><strong>ieiuno</strong></span> <span class='ocrx_word' id='word_1_32' title='bbox 290 548 375 625; x_wconf 93' lang='lat' dir='ltr'><strong>potui</strong></span> <span class='ocrx_word' id='word_1_33' title='bbox 398 543 490 606; x_wconf 92' lang='lat' dir='ltr'><strong>dabis.</strong></span> <span class='ocrx_word' id='word_1_34' title='bbox 528 544 687 607; x_wconf 89' lang='lat' dir='ltr'><strong>Praeterea</strong></span> <span class='ocrx_word' id='word_1_35' title='bbox 710 546 818 607; x_wconf 84' lang='lat' dir='ltr'><strong>radicis</strong></span> <span class='ocrx_word' id='word_1_36' title='bbox 842 548 978 625; x_wconf 85' lang='lat' dir='ltr'><strong>asparagi</strong></span> <span class='ocrx_word' id='word_1_37' title='bbox 1000 564 1092 607; x_wconf 92' lang='lat' dir='ltr'><strong>sucus</strong></span> <span class='ocrx_word' id='word_1_38' title='bbox 1111 565 1179 608; x_wconf 90' lang='lat' dir='ltr'><strong>cum</strong></span> <span class='ocrx_word' id='word_1_39' title='bbox 1289 533 1290 546; x_wconf 44' lang='lat'>¹</span> 
     </span>
     <span class='ocr_line' id='line_1_6' title="bbox 165 634 1222 715; baseline -0.007 -18"><span class='ocrx_word' id='word_1_40' title='bbox 165 640 233 697; x_wconf 86' lang='lat' dir='ltr'><strong>vino</strong></span> <span class='ocrx_word' id='word_1_41' title='bbox 252 637 363 696; x_wconf 82' lang='lat' dir='ltr'><strong>mixtus</strong></span> <span class='ocrx_word' id='word_1_42' title='bbox 382 636 493 713; x_wconf 87' lang='lat' dir='ltr'><strong>optime</strong></span> <span class='ocrx_word' id='word_1_43' title='bbox 513 636 650 715; x_wconf 78' lang='lat' dir='ltr'><strong>sumitur,</strong></span> <span class='ocrx_word' id='word_1_44' title='bbox 669 635 722 695; x_wconf 91' lang='lat' dir='ltr'><strong>sed</strong></span> <span class='ocrx_word' id='word_1_45' title='bbox 737 643 768 695; x_wconf 91' lang='lat' dir='ltr'><strong>et</strong></span> <span class='ocrx_word' id='word_1_46' title='bbox 782 636 888 695; x_wconf 92' lang='lat' dir='ltr'><strong>ciceris</strong></span> <span class='ocrx_word' id='word_1_47' title='bbox 905 634 972 714; x_wconf 87' lang='lat' dir='ltr'><strong>albi,</strong></span> <span class='ocrx_word' id='word_1_48' title='bbox 986 654 1047 696; x_wconf 91' lang='lat' dir='ltr'><strong>non</strong></span> <span class='ocrx_word' id='word_1_49' title='bbox 1061 636 1179 695; x_wconf 88' lang='lat' dir='ltr'><strong>arietini</strong></span> <span class='ocrx_word' id='word_1_50' title='bbox 1207 649 1222 690; x_wconf 82' lang='lat'><strong>5</strong></span> 
     </span>
    </p>

    <p class='ocr_par' dir='ltr' id='par_1_3' title="bbox 131 723 1180 1073">
     <span class='ocr_line' id='line_1_7' title="bbox 131 723 1179 803; baseline 0.002 -21"><span class='ocrx_word' id='word_1_51' title='bbox 131 734 146 782; x_wconf 78' lang='lat' dir='ltr'><strong>t</strong></span> <span class='ocrx_word' id='word_1_52' title='bbox 167 724 283 785; x_wconf 90' lang='lat' dir='ltr'><strong>decocti</strong></span> <span class='ocrx_word' id='word_1_53' title='bbox 302 742 392 785; x_wconf 90' lang='lat' dir='ltr'><strong>sucus</strong></span> <span class='ocrx_word' id='word_1_54' title='bbox 411 724 565 802; x_wconf 85' lang='lat' dir='ltr'><strong>accipitur.</strong></span> <span class='ocrx_word' id='word_1_55' title='bbox 602 723 647 784; x_wconf 84' lang='lat' dir='ltr'><strong>Ex</strong></span> <span class='ocrx_word' id='word_1_56' title='bbox 667 724 722 784; x_wconf 93' lang='lat' dir='ltr'><strong>hac</strong></span> <span class='ocrx_word' id='word_1_57' title='bbox 740 724 916 803; x_wconf 88' lang='lat' dir='ltr'><strong>valetudine,</strong></span> <span class='ocrx_word' id='word_1_58' title='bbox 935 726 994 785; x_wconf 93' lang='lat' dir='ltr'><strong>nisi</strong></span> <span class='ocrx_word' id='word_1_59' title='bbox 1007 727 1038 785; x_wconf 93' lang='lat' dir='ltr'><strong>in</strong></span> <span class='ocrx_word' id='word_1_60' title='bbox 1057 724 1179 784; x_wconf 82' lang='lat' dir='ltr'><strong>exordio</strong></span> 
     </span>
     <span class='ocr_line' id='line_1_8' title="bbox 165 812 1180 893; baseline -0.002 -19"><span class='ocrx_word' id='word_1_61' title='bbox 165 814 280 874; x_wconf 90' lang='lat' dir='ltr'><strong>curatio</strong></span> <span class='ocrx_word' id='word_1_62' title='bbox 304 812 435 873; x_wconf 89' lang='lat' dir='ltr'><strong>adhibita</strong></span> <span class='ocrx_word' id='word_1_63' title='bbox 456 812 556 893; x_wconf 84' lang='lat' dir='ltr'><strong>suerit,</strong></span> <span class='ocrx_word' id='word_1_64' title='bbox 579 831 634 893; x_wconf 89' lang='lat' dir='ltr'><strong>per</strong></span> <span class='ocrx_word' id='word_1_65' title='bbox 653 815 758 874; x_wconf 87' lang='lat' dir='ltr'><strong>urinae</strong></span> <span class='ocrx_word' id='word_1_66' title='bbox 777 812 980 873; x_wconf 89' lang='lat' dir='ltr'><strong>difficultatem</strong></span> <span class='ocrx_word' id='word_1_67' title='bbox 1000 821 1030 873; x_wconf 91' lang='lat' dir='ltr'><strong>et</strong></span> <span class='ocrx_word' id='word_1_68' title='bbox 1048 812 1180 892; x_wconf 87' lang='lat' dir='ltr'><strong>hydrops</strong></span> 
     </span>
     <span class='ocr_line' id='line_1_9' title="bbox 165 901 1180 979; baseline 0 -17"><span class='ocrx_word' id='word_1_69' title='bbox 165 904 301 963; x_wconf 88' lang='lat' dir='ltr'><strong>nascitur</strong></span> <span class='ocrx_word' id='word_1_70' title='bbox 325 908 354 961; x_wconf 89' lang='lat' dir='ltr'><strong>et</strong></span> <span class='ocrx_word' id='word_1_71' title='bbox 378 901 462 962; x_wconf 93' lang='lat' dir='ltr'><strong>dolor</strong></span> <span class='ocrx_word' id='word_1_72' title='bbox 484 904 594 962; x_wconf 91' lang='lat' dir='ltr'><strong>iecoris</strong></span> <span class='ocrx_word' id='word_1_73' title='bbox 617 909 648 963; x_wconf 91' lang='lat' dir='ltr'><strong>et</strong></span> <span class='ocrx_word' id='word_1_74' title='bbox 671 904 741 962; x_wconf 87' lang='lat' dir='ltr'><strong>vitia</strong></span> <span class='ocrx_word' id='word_1_75' title='bbox 764 920 869 963; x_wconf 89' lang='lat' dir='ltr'><strong>renum</strong></span> <span class='ocrx_word' id='word_1_76' title='bbox 894 909 925 961; x_wconf 90' lang='lat' dir='ltr'><strong>et</strong></span> <span class='ocrx_word' id='word_1_77' title='bbox 943 904 1111 979; x_wconf 82' lang='lat' dir='ltr'><strong>stranguria</strong></span> <span class='ocrx_word' id='word_1_78' title='bbox 1132 920 1180 962; x_wconf 86' lang='lat' dir='ltr'><strong>re-</strong></span> 
     </span>
     <span class='ocr_line' id='line_1_10' title="bbox 165 990 1180 1073; baseline -0.001 -22"><span class='ocrx_word' id='word_1_79' title='bbox 165 994 253 1073; x_wconf 90' lang='lat' dir='ltr'><strong>sicae,</strong></span> <span class='ocrx_word' id='word_1_80' title='bbox 271 997 406 1051; x_wconf 89' lang='lat' dir='ltr'><strong>ventrem</strong></span> <span class='ocrx_word' id='word_1_81' title='bbox 425 990 629 1051; x_wconf 83' lang='lat' dir='ltr'><strong>molestissimi</strong></span> <span class='ocrx_word' id='word_1_82' title='bbox 644 990 762 1051; x_wconf 90' lang='lat' dir='ltr'><strong>dolores</strong></span> <span class='ocrx_word' id='word_1_83' title='bbox 775 990 933 1051; x_wconf 82' lang='lat' dir='ltr'><strong>vexabunt.</strong></span> <span class='ocrx_word' id='word_1_84' title='bbox 962 990 1043 1051; x_wconf 89' lang='lat' dir='ltr'><strong>Haec</strong></span> <span class='ocrx_word' id='word_1_85' title='bbox 1058 997 1129 1051; x_wconf 86' lang='lat' dir='ltr'><strong>sunt</strong></span> <span class='ocrx_word' id='word_1_86' title='bbox 1142 990 1180 1050; x_wconf 95' lang='lat' dir='ltr'><strong>de</strong></span> 
     </span>
    </p>

    <p class='ocr_par' dir='ltr' id='par_1_4' title="bbox 128 1078 1290 2401">
     <span class='ocr_line' id='line_1_11' title="bbox 128 1078 1222 1159; baseline -0.005 -15"><span class='ocrx_word' id='word_1_87' title='bbox 128 1095 145 1145; x_wconf 86' lang='lat'>8</span> <span class='ocrx_word' id='word_1_88' title='bbox 165 1079 396 1159; x_wconf 92' lang='lat' dir='ltr'><strong>praenoscendis</strong></span> <span class='ocrx_word' id='word_1_89' title='bbox 419 1080 705 1159; x_wconf 85' lang='lat' dir='ltr'><strong>praeveniendisque</strong></span> <span class='ocrx_word' id='word_1_90' title='bbox 730 1078 901 1140; x_wconf 82' lang='lat' dir='ltr'><strong>morborum</strong></span> <span class='ocrx_word' id='word_1_91' title='bbox 925 1081 1032 1139; x_wconf 91' lang='lat' dir='ltr'><strong>causis.</strong></span> <span class='ocrx_word' id='word_1_92' title='bbox 1072 1078 1180 1140; x_wconf 77' lang='lat' dir='ltr'><strong>Addidi</strong></span> <span class='ocrx_word' id='word_1_93' title='bbox 1195 1094 1222 1133; x_wconf 88' lang='lat'><strong>10</strong></span> 
     </span>
     <span class='ocr_line' id='line_1_12' title="bbox 165 1167 1179 1250; baseline -0.002 -21"><span class='ocrx_word' id='word_1_94' title='bbox 165 1170 268 1250; x_wconf 89' lang='lat' dir='ltr'><strong>etiam,</strong></span> <span class='ocrx_word' id='word_1_95' title='bbox 296 1167 406 1248; x_wconf 87' lang='lat' dir='ltr'><strong>quibus</strong></span> <span class='ocrx_word' id='word_1_96' title='bbox 434 1175 464 1230; x_wconf 92' lang='lat' dir='ltr'><strong>et</strong></span> <span class='ocrx_word' id='word_1_97' title='bbox 492 1177 638 1247; x_wconf 88' lang='lat' dir='ltr'><strong>quatenus</strong></span> <span class='ocrx_word' id='word_1_98' title='bbox 667 1187 721 1247; x_wconf 91' lang='lat' dir='ltr'><strong>per</strong></span> <span class='ocrx_word' id='word_1_99' title='bbox 749 1170 819 1229; x_wconf 90' lang='lat' dir='ltr'><strong>anni</strong></span> <span class='ocrx_word' id='word_1_100' title='bbox 845 1168 993 1229; x_wconf 91' lang='lat' dir='ltr'><strong>circulum</strong></span> <span class='ocrx_word' id='word_1_101' title='bbox 1020 1186 1075 1247; x_wconf 92' lang='lat' dir='ltr'><strong>pro</strong></span> <span class='ocrx_word' id='word_1_102' title='bbox 1103 1176 1179 1228; x_wconf 91' lang='lat' dir='ltr'><strong>tem-</strong></span> 
     </span>
     <span class='ocr_line' id='line_1_13' title="bbox 164 1256 1179 1335; baseline -0.001 -18"><span class='ocrx_word' id='word_1_103' title='bbox 164 1275 272 1335; x_wconf 89' lang='lat' dir='ltr'><strong>porum</strong></span> <span class='ocrx_word' id='word_1_104' title='bbox 292 1257 495 1318; x_wconf 85' lang='lat' dir='ltr'><strong>vicissitudine</strong></span> <span class='ocrx_word' id='word_1_105' title='bbox 517 1257 682 1319; x_wconf 84' lang='lat' dir='ltr'><strong>observatis</strong></span> <span class='ocrx_word' id='word_1_106' title='bbox 700 1256 889 1318; x_wconf 89' lang='lat' dir='ltr'><strong>incolumitas</strong></span> <span class='ocrx_word' id='word_1_107' title='bbox 908 1257 1102 1327; x_wconf 82' lang='lat' dir='ltr'><strong>custodiatur.</strong></span> <span class='ocrx_word' id='word_1_108' title='bbox 1134 1256 1179 1316; x_wconf 75' lang='lat' dir='ltr'><strong>Ab</strong></span> 
     </span>
     <span class='ocr_line' id='line_1_14' title="bbox 164 1342 1179 1425; baseline 0.001 -20"><span class='ocrx_word' id='word_1_109' title='bbox 164 1345 262 1407; x_wconf 92' lang='lat' dir='ltr'><strong>bieme</strong></span> <span class='ocrx_word' id='word_1_110' title='bbox 291 1347 383 1425; x_wconf 85' lang='lat' dir='ltr'><strong>igitur</strong></span> <span class='ocrx_word' id='word_1_111' title='bbox 411 1345 561 1407; x_wconf 86' lang='lat' dir='ltr'><strong>salubrius</strong></span> <span class='ocrx_word' id='word_1_112' title='bbox 590 1347 642 1406; x_wconf 87' lang='lat' dir='ltr'><strong>fiet</strong></span> <span class='ocrx_word' id='word_1_113' title='bbox 669 1346 833 1407; x_wconf 83' lang='lat' dir='ltr'><strong>exordium.</strong></span> <span class='ocrx_word' id='word_1_114' title='bbox 874 1342 920 1405; x_wconf 84' lang='lat' dir='ltr'><strong>Ex</strong></span> <span class='ocrx_word' id='word_1_115' title='bbox 949 1346 996 1406; x_wconf 92' lang='lat' dir='ltr'><strong>die</strong></span> <span class='ocrx_word' id='word_1_116' title='bbox 1024 1344 1089 1405; x_wconf 92' lang='lat' dir='ltr'><strong>Vlll</strong></span> <span class='ocrx_word' id='word_1_117' title='bbox 1116 1344 1179 1406; x_wconf 87' lang='lat' dir='ltr'><strong>llal.</strong></span> 
     </span>
     <span class='ocr_line' id='line_1_15' title="bbox 164 1433 1179 1514; baseline -0.002 -19"><span class='ocrx_word' id='word_1_118' title='bbox 164 1433 279 1495; x_wconf 90' lang='lat' dir='ltr'><strong>Ianuar.</strong></span> <span class='ocrx_word' id='word_1_119' title='bbox 316 1434 493 1513; x_wconf 85' lang='lat' dir='ltr'><strong>corporibus</strong></span> <span class='ocrx_word' id='word_1_120' title='bbox 530 1452 617 1495; x_wconf 90' lang='lat' dir='ltr'><strong>umor</strong></span> <span class='ocrx_word' id='word_1_121' title='bbox 651 1435 799 1496; x_wconf 87' lang='lat' dir='ltr'><strong>adcrescit</strong></span> <span class='ocrx_word' id='word_1_122' title='bbox 836 1453 932 1514; x_wconf 88' lang='lat' dir='ltr'><strong>nsque</strong></span> <span class='ocrx_word' id='word_1_123' title='bbox 964 1435 1042 1494; x_wconf 89' lang='lat' dir='ltr'><strong>veris</strong></span> <span class='ocrx_word' id='word_1_124' title='bbox 1079 1436 1179 1513; x_wconf 92' lang='lat' dir='ltr'><strong>aequi-</strong></span> 
     </span>
     <span class='ocr_line' id='line_1_16' title="bbox 164 1522 1223 1605; baseline -0.001 -22"><span class='ocrx_word' id='word_1_125' title='bbox 164 1525 312 1605; x_wconf 82' lang='lat' dir='ltr'><strong>noctium,</strong></span> <span class='ocrx_word' id='word_1_126' title='bbox 336 1523 415 1603; x_wconf 89' lang='lat' dir='ltr'><strong>qnod</strong></span> <span class='ocrx_word' id='word_1_127' title='bbox 439 1525 544 1603; x_wconf 91' lang='lat' dir='ltr'><strong>incipit</strong></span> <span class='ocrx_word' id='word_1_128' title='bbox 566 1522 630 1583; x_wconf 91' lang='lat' dir='ltr'><strong>Vlll</strong></span> <span class='ocrx_word' id='word_1_129' title='bbox 649 1523 712 1584; x_wconf 89' lang='lat' dir='ltr'><strong>llal.</strong></span> <span class='ocrx_word' id='word_1_130' title='bbox 731 1522 823 1603; x_wconf 82' lang='lat' dir='ltr'><strong>April.</strong></span> <span class='ocrx_word' id='word_1_131' title='bbox 862 1522 927 1583; x_wconf 89' lang='lat' dir='ltr'><strong>Hoc</strong></span> <span class='ocrx_word' id='word_1_132' title='bbox 950 1541 1022 1601; x_wconf 89' lang='lat' dir='ltr'><strong>ergo</strong></span> <span class='ocrx_word' id='word_1_133' title='bbox 1045 1529 1223 1601; x_wconf 77' lang='lat' dir='ltr'><strong>tempore1⁵</strong></span> 
     </span>
     <span class='ocr_line' id='line_1_17' title="bbox 165 1611 1180 1694; baseline -0.001 -21"><span class='ocrx_word' id='word_1_134' title='bbox 165 1612 310 1673; x_wconf 87' lang='lat' dir='ltr'><strong>utendum</strong></span> <span class='ocrx_word' id='word_1_135' title='bbox 334 1611 521 1673; x_wconf 89' lang='lat' dir='ltr'><strong>calidissimis</strong></span> <span class='ocrx_word' id='word_1_136' title='bbox 545 1612 620 1673; x_wconf 91' lang='lat' dir='ltr'><strong>cibis</strong></span> <span class='ocrx_word' id='word_1_137' title='bbox 641 1622 672 1673; x_wconf 90' lang='lat' dir='ltr'><strong>et</strong></span> <span class='ocrx_word' id='word_1_138' title='bbox 690 1614 819 1694; x_wconf 90' lang='lat' dir='ltr'><strong>optimis,</strong></span> <span class='ocrx_word' id='word_1_139' title='bbox 841 1614 910 1672; x_wconf 88' lang='lat' dir='ltr'><strong>vino</strong></span> <span class='ocrx_word' id='word_1_140' title='bbox 929 1611 1117 1690; x_wconf 80' lang='lat' dir='ltr'><strong>aliquatenus</strong></span> <span class='ocrx_word' id='word_1_141' title='bbox 1135 1613 1180 1672; x_wconf 94' lang='lat' dir='ltr'><strong>in-</strong></span> 
     </span>
     <span class='ocr_line' id='line_1_18' title="bbox 166 1699 1180 1783; baseline -0.001 -22"><span class='ocrx_word' id='word_1_142' title='bbox 166 1700 357 1783; x_wconf 90' lang='lat' dir='ltr'><strong>dulgendum,</strong></span> <span class='ocrx_word' id='word_1_143' title='bbox 381 1719 454 1762; x_wconf 91' lang='lat' dir='ltr'><strong>usus</strong></span> <span class='ocrx_word' id='word_1_144' title='bbox 478 1702 566 1762; x_wconf 92' lang='lat' dir='ltr'><strong>etiam</strong></span> <span class='ocrx_word' id='word_1_145' title='bbox 589 1703 729 1762; x_wconf 86' lang='lat' dir='ltr'><strong>venerius</strong></span> <span class='ocrx_word' id='word_1_146' title='bbox 751 1703 873 1762; x_wconf 91' lang='lat' dir='ltr'><strong>minime</strong></span> <span class='ocrx_word' id='word_1_147' title='bbox 896 1700 1092 1779; x_wconf 89' lang='lat' dir='ltr'><strong>respuendus.</strong></span> <span class='ocrx_word' id='word_1_148' title='bbox 1135 1699 1180 1760; x_wconf 85' lang='lat' dir='ltr'><strong>Ex</strong></span> 
     </span>
     <span class='ocr_line' id='line_1_19' title="bbox 165 1789 1181 1870; baseline -0.001 -20"><span class='ocrx_word' id='word_1_149' title='bbox 165 1792 353 1869; x_wconf 89' lang='lat' dir='ltr'><strong>aequinoctio</strong></span> <span class='ocrx_word' id='word_1_150' title='bbox 386 1792 490 1870; x_wconf 90' lang='lat' dir='ltr'><strong>incipit</strong></span> <span class='ocrx_word' id='word_1_151' title='bbox 522 1789 660 1869; x_wconf 84' lang='lat' dir='ltr'><strong>phlegma</strong></span> <span class='ocrx_word' id='word_1_152' title='bbox 688 1808 843 1870; x_wconf 89' lang='lat' dir='ltr'><strong>crescere,</strong></span> <span class='ocrx_word' id='word_1_153' title='bbox 874 1789 904 1849; x_wconf 95' lang='lat' dir='ltr'><strong>id</strong></span> <span class='ocrx_word' id='word_1_154' title='bbox 938 1797 985 1850; x_wconf 89' lang='lat' dir='ltr'><strong>est</strong></span> <span class='ocrx_word' id='word_1_155' title='bbox 1021 1796 1181 1850; x_wconf 86' lang='lat' dir='ltr'><strong>concretus</strong></span> 
     </span>
     <span class='ocr_line' id='line_1_20' title="bbox 165 1877 1181 1959; baseline 0 -21"><span class='ocrx_word' id='word_1_156' title='bbox 165 1896 252 1939; x_wconf 90' lang='lat' dir='ltr'><strong>umor</strong></span> <span class='ocrx_word' id='word_1_157' title='bbox 279 1885 310 1938; x_wconf 90' lang='lat' dir='ltr'><strong>et</strong></span> <span class='ocrx_word' id='word_1_158' title='bbox 338 1877 479 1959; x_wconf 84' lang='lat' dir='ltr'><strong>frigidus,</strong></span> <span class='ocrx_word' id='word_1_159' title='bbox 503 1897 599 1957; x_wconf 88' lang='lat' dir='ltr'><strong>usque</strong></span> <span class='ocrx_word' id='word_1_160' title='bbox 627 1881 659 1938; x_wconf 91' lang='lat' dir='ltr'><strong>iu</strong></span> <span class='ocrx_word' id='word_1_161' title='bbox 687 1886 785 1939; x_wconf 91' lang='lat' dir='ltr'><strong>ortum</strong></span> <span class='ocrx_word' id='word_1_162' title='bbox 810 1877 973 1958; x_wconf 89' lang='lat' dir='ltr'><strong>pleiadum,</strong></span> <span class='ocrx_word' id='word_1_163' title='bbox 1000 1880 1052 1957; x_wconf 88' lang='lat' dir='ltr'><strong>qui</strong></span> <span class='ocrx_word' id='word_1_164' title='bbox 1074 1880 1181 1957; x_wconf 88' lang='lat' dir='ltr'><strong>incipit</strong></span> 
     </span>
     <span class='ocr_line' id='line_1_21' title="bbox 164 1966 1222 2048; baseline 0 -22"><span class='ocrx_word' id='word_1_165' title='bbox 164 1966 260 2047; x_wconf 89' lang='lat' dir='ltr'><strong>pridie</strong></span> <span class='ocrx_word' id='word_1_166' title='bbox 283 1966 351 2027; x_wconf 90' lang='lat' dir='ltr'><strong>idus</strong></span> <span class='ocrx_word' id='word_1_167' title='bbox 375 1966 473 2027; x_wconf 88' lang='lat' dir='ltr'><strong>Maias.</strong></span> <span class='ocrx_word' id='word_1_168' title='bbox 510 1966 589 2045; x_wconf 89' lang='lat' dir='ltr'><strong>Ergo</strong></span> <span class='ocrx_word' id='word_1_169' title='bbox 612 1975 678 2027; x_wconf 88' lang='lat' dir='ltr'><strong>tom</strong></span> <span class='ocrx_word' id='word_1_170' title='bbox 701 1966 836 2027; x_wconf 91' lang='lat' dir='ltr'><strong>adbiberi</strong></span> <span class='ocrx_word' id='word_1_171' title='bbox 857 1968 996 2027; x_wconf 84' lang='lat' dir='ltr'><strong>convenit</strong></span> <span class='ocrx_word' id='word_1_172' title='bbox 1014 1966 1097 2048; x_wconf 87' lang='lat' dir='ltr'><strong>bene</strong></span> <span class='ocrx_word' id='word_1_173' title='bbox 1110 1966 1179 2027; x_wconf 92' lang='lat' dir='ltr'><strong>odo·</strong></span> <span class='ocrx_word' id='word_1_174' title='bbox 1193 1976 1222 2017; x_wconf 78' lang='lat'><strong>2⁰</strong></span> 
     </span>
     <span class='ocr_line' id='line_1_22' title="bbox 164 2054 1180 2135; baseline 0 -20"><span class='ocrx_word' id='word_1_175' title='bbox 164 2066 254 2135; x_wconf 88' lang='lat' dir='ltr'><strong>ratos,</strong></span> <span class='ocrx_word' id='word_1_176' title='bbox 269 2055 321 2115; x_wconf 91' lang='lat' dir='ltr'><strong>sed</strong></span> <span class='ocrx_word' id='word_1_177' title='bbox 337 2063 367 2115; x_wconf 89' lang='lat' dir='ltr'><strong>et</strong></span> <span class='ocrx_word' id='word_1_178' title='bbox 381 2074 465 2115; x_wconf 91' lang='lat' dir='ltr'><strong>acres</strong></span> <span class='ocrx_word' id='word_1_179' title='bbox 480 2054 571 2115; x_wconf 88' lang='lat' dir='ltr'><strong>cibos.</strong></span> <span class='ocrx_word' id='word_1_180' title='bbox 601 2054 715 2117; x_wconf 87' lang='lat' dir='ltr'><strong>Exhinc</strong></span> <span class='ocrx_word' id='word_1_181' title='bbox 735 2057 856 2134; x_wconf 90' lang='lat' dir='ltr'><strong>sanguis</strong></span> <span class='ocrx_word' id='word_1_182' title='bbox 874 2055 1027 2116; x_wconf 91' lang='lat' dir='ltr'><strong>ardentior</strong></span> <span class='ocrx_word' id='word_1_183' title='bbox 1045 2054 1180 2115; x_wconf 81' lang='lat' dir='ltr'><strong>febribus</strong></span> 
     </span>
     <span class='ocr_line' id='line_1_23' title="bbox 165 2143 1290 2223; baseline -0.001 -18"><span class='ocrx_word' id='word_1_184' title='bbox 165 2152 321 2223; x_wconf 88' lang='lat' dir='ltr'><strong>augmenta</strong></span> <span class='ocrx_word' id='word_1_185' title='bbox 345 2144 515 2223; x_wconf 89' lang='lat' dir='ltr'><strong>suppeditat</strong></span> <span class='ocrx_word' id='word_1_186' title='bbox 538 2162 593 2203; x_wconf 90' lang='lat' dir='ltr'><strong>nec</strong></span> <span class='ocrx_word' id='word_1_187' title='bbox 616 2146 716 2205; x_wconf 92' lang='lat' dir='ltr'><strong>minus</strong></span> <span class='ocrx_word' id='word_1_188' title='bbox 746 2162 834 2205; x_wconf 90' lang='lat' dir='ltr'><strong>umor</strong></span> <span class='ocrx_word' id='word_1_189' title='bbox 852 2143 1005 2205; x_wconf 93' lang='lat' dir='ltr'><strong>obbibitur</strong></span> <span class='ocrx_word' id='word_1_190' title='bbox 1027 2145 1179 2223; x_wconf 89' lang='lat' dir='ltr'><strong>usquead</strong></span> <span class='ocrx_word' id='word_1_191' title='bbox 1289 2165 1290 2168; x_wconf 44' lang='lat'>¹</span> 
     </span>
     <span class='ocr_line' id='line_1_24' title="bbox 164 2226 1180 2313; baseline 0.001 -20"><span class='ocrx_word' id='word_1_192' title='bbox 164 2235 268 2293; x_wconf 89' lang='lat' dir='ltr'><strong>aestivi</strong></span> <span class='ocrx_word' id='word_1_193' title='bbox 296 2234 440 2311; x_wconf 89' lang='lat' dir='ltr'><strong>temporis</strong></span> <span class='ocrx_word' id='word_1_194' title='bbox 468 2234 745 2313; x_wconf 88' lang='lat' dir='ltr'><strong>commutationem,</strong></span> <span class='ocrx_word' id='word_1_195' title='bbox 774 2252 850 2312; x_wconf 89' lang='lat' dir='ltr'><strong>quae</strong></span> <span class='ocrx_word' id='word_1_196' title='bbox 878 2232 915 2293; x_wconf 96' lang='lat' dir='ltr'><strong>ab</strong></span> <span class='ocrx_word' id='word_1_197' title='bbox 943 2226 1013 2292; x_wconf 86' lang='lat' dir='ltr'><strong>Vlll</strong></span> <span class='ocrx_word' id='word_1_198' title='bbox 1035 2230 1097 2293; x_wconf 86' lang='lat' dir='ltr'><strong>Kal.</strong></span> <span class='ocrx_word' id='word_1_199' title='bbox 1125 2232 1180 2294; x_wconf 90' lang='lat' dir='ltr'><strong>lul.</strong></span> 
     </span>
     <span class='ocr_line' id='line_1_25' title="bbox 165 2321 1180 2401; baseline 0.002 -20"><span class='ocrx_word' id='word_1_200' title='bbox 165 2321 336 2401; x_wconf 90' lang='lat' dir='ltr'><strong>inchoatur,</strong></span> <span class='ocrx_word' id='word_1_201' title='bbox 360 2339 376 2381; x_wconf 89' lang='lat' dir='ltr'><strong>a</strong></span> <span class='ocrx_word' id='word_1_202' title='bbox 401 2339 459 2400; x_wconf 90' lang='lat' dir='ltr'><strong>quo</strong></span> <span class='ocrx_word' id='word_1_203' title='bbox 483 2321 530 2381; x_wconf 95' lang='lat' dir='ltr'><strong>die</strong></span> <span class='ocrx_word' id='word_1_204' title='bbox 554 2338 663 2382; x_wconf 87' lang='lat' dir='ltr'><strong>venere</strong></span> <span class='ocrx_word' id='word_1_205' title='bbox 687 2321 895 2383; x_wconf 89' lang='lat' dir='ltr'><strong>abstinendum</strong></span> <span class='ocrx_word' id='word_1_206' title='bbox 917 2322 1180 2400; x_wconf 87' lang='lat' dir='ltr'><strong>ieiduandumque.</strong></span> 
     </span>
    </p>

    <p class='ocr_par' dir='ltr' id='par_1_5' title="bbox 130 2407 1222 3200">
     <span class='ocr_line' id='line_1_26' title="bbox 130 2407 1222 2489; baseline 0.008 -26"><span class='ocrx_word' id='word_1_207' title='bbox 130 2415 145 2463; x_wconf 84' lang='grc'><strong>9</strong></span> <span class='ocrx_word' id='word_1_208' title='bbox 165 2409 209 2470; x_wconf 78' lang='lat' dir='ltr'><strong>lh</strong></span> <span class='ocrx_word' id='word_1_209' title='bbox 229 2417 332 2470; x_wconf 88' lang='lat' dir='ltr'><strong>octavo</strong></span> <span class='ocrx_word' id='word_1_210' title='bbox 352 2411 431 2469; x_wconf 93' lang='lat' dir='ltr'><strong>enim</strong></span> <span class='ocrx_word' id='word_1_211' title='bbox 445 2407 507 2469; x_wconf 86' lang='lat' dir='ltr'><strong>Kal.</strong></span> <span class='ocrx_word' id='word_1_212' title='bbox 522 2408 575 2469; x_wconf 90' lang='lat' dir='ltr'><strong>lul.</strong></span> <span class='ocrx_word' id='word_1_213' title='bbox 590 2411 701 2470; x_wconf 89' lang='lat' dir='ltr'><strong>aestiva</strong></span> <span class='ocrx_word' id='word_1_214' title='bbox 715 2413 884 2489; x_wconf 87' lang='lat' dir='ltr'><strong>progressio</strong></span> <span class='ocrx_word' id='word_1_215' title='bbox 899 2412 1084 2470; x_wconf 90' lang='lat' dir='ltr'><strong>incrementa</strong></span> <span class='ocrx_word' id='word_1_216' title='bbox 1102 2410 1222 2471; x_wconf 69' lang='lat' dir='ltr'><strong>seilisas</strong></span> 
     </span>
     <span class='ocr_line' id='line_1_27' title="bbox 165 2496 1179 2580; baseline 0.001 -21"><span class='ocrx_word' id='word_1_217' title='bbox 165 2500 328 2560; x_wconf 84' lang='lat' dir='ltr'><strong>exsuscitat</strong></span> <span class='ocrx_word' id='word_1_218' title='bbox 346 2515 442 2577; x_wconf 89' lang='lat' dir='ltr'><strong>usque</strong></span> <span class='ocrx_word' id='word_1_219' title='bbox 460 2500 493 2557; x_wconf 88' lang='lat' dir='ltr'><strong>in</strong></span> <span class='ocrx_word' id='word_1_220' title='bbox 511 2500 647 2559; x_wconf 92' lang='lat' dir='ltr'><strong>autumni</strong></span> <span class='ocrx_word' id='word_1_221' title='bbox 661 2500 891 2580; x_wconf 89' lang='lat' dir='ltr'><strong>aequinoctium,</strong></span> <span class='ocrx_word' id='word_1_222' title='bbox 910 2498 990 2579; x_wconf 89' lang='lat' dir='ltr'><strong>quod</strong></span> <span class='ocrx_word' id='word_1_223' title='bbox 1005 2506 1051 2559; x_wconf 91' lang='lat' dir='ltr'><strong>est</strong></span> <span class='ocrx_word' id='word_1_224' title='bbox 1065 2497 1102 2557; x_wconf 93' lang='lat' dir='ltr'><strong>Vl</strong></span> <span class='ocrx_word' id='word_1_225' title='bbox 1116 2496 1179 2560; x_wconf 86' lang='lat' dir='ltr'><strong>Kal.</strong></span> 
     </span>
     <span class='ocr_line' id='line_1_28' title="bbox 164 2586 1179 2666; baseline 0.002 -19"><span class='ocrx_word' id='word_1_226' title='bbox 164 2586 311 2649; x_wconf 89' lang='lat' dir='ltr'><strong>Octobris.</strong></span> <span class='ocrx_word' id='word_1_227' title='bbox 354 2586 421 2649; x_wconf 86' lang='lat' dir='ltr'><strong>Erit</strong></span> <span class='ocrx_word' id='word_1_228' title='bbox 448 2588 540 2666; x_wconf 91' lang='lat' dir='ltr'><strong>igitur</strong></span> <span class='ocrx_word' id='word_1_229' title='bbox 566 2586 711 2648; x_wconf 90' lang='lat' dir='ltr'><strong>utendum</strong></span> <span class='ocrx_word' id='word_1_230' title='bbox 738 2589 834 2648; x_wconf 89' lang='lat' dir='ltr'><strong>acutis</strong></span> <span class='ocrx_word' id='word_1_231' title='bbox 862 2596 893 2648; x_wconf 88' lang='lat' dir='ltr'><strong>et</strong></span> <span class='ocrx_word' id='word_1_232' title='bbox 915 2587 1026 2665; x_wconf 91' lang='lat' dir='ltr'><strong>sapidis</strong></span> <span class='ocrx_word' id='word_1_233' title='bbox 1049 2595 1080 2648; x_wconf 88' lang='lat' dir='ltr'><strong>et</strong></span> <span class='ocrx_word' id='word_1_234' title='bbox 1103 2587 1179 2649; x_wconf 89' lang='lat' dir='ltr'><strong>bene</strong></span> 
     </span>
     <span class='ocr_line' id='line_1_29' title="bbox 165 2675 1179 2756; baseline -0.001 -19"><span class='ocrx_word' id='word_1_235' title='bbox 165 2675 313 2737; x_wconf 90' lang='lat' dir='ltr'><strong>olentibus</strong></span> <span class='ocrx_word' id='word_1_236' title='bbox 347 2676 435 2756; x_wconf 90' lang='lat' dir='ltr'><strong>cibis,</strong></span> <span class='ocrx_word' id='word_1_237' title='bbox 468 2678 587 2754; x_wconf 89' lang='lat' dir='ltr'><strong>parcius</strong></span> <span class='ocrx_word' id='word_1_238' title='bbox 614 2676 808 2737; x_wconf 89' lang='lat' dir='ltr'><strong>ieiunandum</strong></span> <span class='ocrx_word' id='word_1_239' title='bbox 836 2684 866 2735; x_wconf 91' lang='lat' dir='ltr'><strong>et</strong></span> <span class='ocrx_word' id='word_1_240' title='bbox 897 2677 1019 2736; x_wconf 87' lang='lat' dir='ltr'><strong>venerio</strong></span> <span class='ocrx_word' id='word_1_241' title='bbox 1051 2694 1110 2738; x_wconf 93' lang='lat' dir='ltr'><strong>nsu</strong></span> <span class='ocrx_word' id='word_1_242' title='bbox 1142 2676 1179 2737; x_wconf 96' lang='lat' dir='ltr'><strong>ab</strong></span> 
     </span>
     <span class='ocr_line' id='line_1_30' title="bbox 164 2762 1180 2843; baseline 0.003 -20"><span class='ocrx_word' id='word_1_243' title='bbox 164 2764 229 2825; x_wconf 92' lang='lat' dir='ltr'><strong>Vlll</strong></span> <span class='ocrx_word' id='word_1_244' title='bbox 243 2763 305 2825; x_wconf 87' lang='lat' dir='ltr'><strong>llal.</strong></span> <span class='ocrx_word' id='word_1_245' title='bbox 320 2764 374 2825; x_wconf 90' lang='lat' dir='ltr'><strong>lul.</strong></span> <span class='ocrx_word' id='word_1_246' title='bbox 394 2771 475 2824; x_wconf 91' lang='lat' dir='ltr'><strong>certe</strong></span> <span class='ocrx_word' id='word_1_247' title='bbox 494 2783 548 2843; x_wconf 94' lang='lat' dir='ltr'><strong>per</strong></span> <span class='ocrx_word' id='word_1_248' title='bbox 568 2764 631 2824; x_wconf 89' lang='lat' dir='ltr'><strong>dies</strong></span> <span class='ocrx_word' id='word_1_249' title='bbox 646 2762 700 2822; x_wconf 90' lang='lat' dir='ltr'><strong>Xll</strong></span> <span class='ocrx_word' id='word_1_250' title='bbox 719 2766 839 2842; x_wconf 90' lang='lat' dir='ltr'><strong>penitus</strong></span> <span class='ocrx_word' id='word_1_251' title='bbox 859 2764 1075 2827; x_wconf 90' lang='lat' dir='ltr'><strong>abstinendum.</strong></span> <span class='ocrx_word' id='word_1_252' title='bbox 1107 2764 1180 2826; x_wconf 88' lang='lat' dir='ltr'><strong>Post</strong></span> 
     </span>
     <span class='ocr_line' id='line_1_31' title="bbox 165 2851 1220 2935; baseline 0 -22"><span class='ocrx_word' id='word_1_253' title='bbox 165 2855 300 2914; x_wconf 88' lang='lat' dir='ltr'><strong>autumni</strong></span> <span class='ocrx_word' id='word_1_254' title='bbox 323 2854 553 2932; x_wconf 89' lang='lat' dir='ltr'><strong>aequinoctium,</strong></span> <span class='ocrx_word' id='word_1_255' title='bbox 577 2852 606 2911; x_wconf 94' lang='lat' dir='ltr'><strong>id</strong></span> <span class='ocrx_word' id='word_1_256' title='bbox 631 2859 677 2911; x_wconf 89' lang='lat' dir='ltr'><strong>est</strong></span> <span class='ocrx_word' id='word_1_257' title='bbox 692 2860 768 2933; x_wconf 23' lang='lat' dir='ltr'><strong>,post</strong></span> <span class='ocrx_word' id='word_1_258' title='bbox 789 2852 867 2912; x_wconf 92' lang='lat' dir='ltr'><strong>diem</strong></span> <span class='ocrx_word' id='word_1_259' title='bbox 886 2851 923 2911; x_wconf 92' lang='lat' dir='ltr'><strong>Vl</strong></span> <span class='ocrx_word' id='word_1_260' title='bbox 942 2852 1004 2913; x_wconf 87' lang='lat' dir='ltr'><strong>llal.</strong></span> <span class='ocrx_word' id='word_1_261' title='bbox 1024 2852 1178 2935; x_wconf 85' lang='lat' dir='ltr'><strong>Octobres,</strong></span> <span class='ocrx_word' id='word_1_262' title='bbox 1192 2865 1220 2905; x_wconf 73' lang='lat'><strong>⁸0</strong></span> 
     </span>
     <span class='ocr_line' id='line_1_32' title="bbox 165 2940 1179 3019; baseline 0.002 -18"><span class='ocrx_word' id='word_1_263' title='bbox 165 2959 248 3001; x_wconf 92' lang='lat' dir='ltr'><strong>acres</strong></span> <span class='ocrx_word' id='word_1_264' title='bbox 276 2940 351 3001; x_wconf 91' lang='lat' dir='ltr'><strong>biles</strong></span> <span class='ocrx_word' id='word_1_265' title='bbox 381 2942 459 3000; x_wconf 89' lang='lat' dir='ltr'><strong>vires</strong></span> <span class='ocrx_word' id='word_1_266' title='bbox 490 2947 521 3001; x_wconf 93' lang='lat' dir='ltr'><strong>et</strong></span> <span class='ocrx_word' id='word_1_267' title='bbox 553 2949 744 3019; x_wconf 90' lang='lat' dir='ltr'><strong>augmentum</strong></span> <span class='ocrx_word' id='word_1_268' title='bbox 777 2942 944 3003; x_wconf 86' lang='lat' dir='ltr'><strong>sortiuntur</strong></span> <span class='ocrx_word' id='word_1_269' title='bbox 975 2943 1008 3002; x_wconf 93' lang='lat' dir='ltr'><strong>in</strong></span> <span class='ocrx_word' id='word_1_270' title='bbox 1040 2960 1179 3003; x_wconf 91' lang='lat' dir='ltr'><strong>occasum</strong></span> 
     </span>
     <span class='ocr_line' id='line_1_33' title="bbox 164 3026 1178 3111; baseline 0.003 -23"><span class='ocrx_word' id='word_1_271' title='bbox 164 3028 321 3110; x_wconf 92' lang='lat' dir='ltr'><strong>pleiadum,</strong></span> <span class='ocrx_word' id='word_1_272' title='bbox 346 3031 397 3108; x_wconf 89' lang='lat' dir='ltr'><strong>qui</strong></span> <span class='ocrx_word' id='word_1_273' title='bbox 420 3037 466 3089; x_wconf 92' lang='lat' dir='ltr'><strong>est</strong></span> <span class='ocrx_word' id='word_1_274' title='bbox 487 3026 540 3089; x_wconf 95' lang='lat' dir='ltr'><strong>llll</strong></span> <span class='ocrx_word' id='word_1_275' title='bbox 560 3028 628 3089; x_wconf 88' lang='lat' dir='ltr'><strong>idus</strong></span> <span class='ocrx_word' id='word_1_276' title='bbox 646 3028 835 3111; x_wconf 91' lang='lat' dir='ltr'><strong>Novembris,</strong></span> <span class='ocrx_word' id='word_1_277' title='bbox 861 3049 982 3091; x_wconf 91' lang='lat' dir='ltr'><strong>umores</strong></span> <span class='ocrx_word' id='word_1_278' title='bbox 1006 3032 1095 3092; x_wconf 89' lang='lat' dir='ltr'><strong>etiam</strong></span> <span class='ocrx_word' id='word_1_279' title='bbox 1113 3050 1178 3109; x_wconf 91' lang='lat' dir='ltr'><strong>gra·</strong></span> 
     </span>
     <span class='ocr_line' id='line_1_34' title="bbox 164 3116 1178 3200; baseline 0.002 -23"><span class='ocrx_word' id='word_1_280' title='bbox 164 3136 215 3178; x_wconf 86' lang='lat' dir='ltr'><strong>res</strong></span> <span class='ocrx_word' id='word_1_281' title='bbox 240 3126 372 3196; x_wconf 90' lang='lat' dir='ltr'><strong>serpunt.</strong></span> <span class='ocrx_word' id='word_1_282' title='bbox 409 3116 475 3178; x_wconf 83' lang='lat' dir='ltr'><strong>Erit</strong></span> <span class='ocrx_word' id='word_1_283' title='bbox 497 3119 590 3197; x_wconf 89' lang='lat' dir='ltr'><strong>igitur</strong></span> <span class='ocrx_word' id='word_1_284' title='bbox 612 3118 758 3179; x_wconf 90' lang='lat' dir='ltr'><strong>utendum</strong></span> <span class='ocrx_word' id='word_1_285' title='bbox 782 3118 874 3180; x_wconf 92' lang='lat' dir='ltr'><strong>acidis</strong></span> <span class='ocrx_word' id='word_1_286' title='bbox 897 3127 928 3180; x_wconf 93' lang='lat' dir='ltr'><strong>et</strong></span> <span class='ocrx_word' id='word_1_287' title='bbox 951 3119 1071 3181; x_wconf 90' lang='lat' dir='ltr'><strong>acribus</strong></span> <span class='ocrx_word' id='word_1_288' title='bbox 1094 3119 1178 3200; x_wconf 92' lang='lat' dir='ltr'><strong>cibis,</strong></span> 
     </span>
    </p>
   </div>
   <div class='ocr_carea' id='block_1_3' title="bbox 164 3268 1178 3555">
    <p class='ocr_par' dir='ltr' id='par_1_6' title="bbox 164 3268 1178 3555">
     <span class='ocr_line' id='line_1_35' title="bbox 238 3268 1178 3329; baseline 0.006 -7"><span class='ocrx_word' id='word_1_289' title='bbox 238 3275 251 3323; x_wconf 91' lang='lat'>1</span> <span class='ocrx_word' id='word_1_290' title='bbox 271 3268 392 3324; x_wconf 79' lang='lat' dir='ltr'><strong>condito.</strong></span> <span class='ocrx_word' id='word_1_291' title='bbox 463 3276 478 3325; x_wconf 89' lang='grc'><strong>6</strong></span> <span class='ocrx_word' id='word_1_292' title='bbox 497 3270 660 3327; x_wconf 86' lang='lat' dir='ltr'><strong>valetudine</strong></span> <span class='ocrx_word' id='word_1_293' title='bbox 679 3278 727 3327; x_wconf 87' lang='lat' dir='ltr'><strong>1m</strong></span> <span class='ocrx_word' id='word_1_294' title='bbox 745 3271 901 3327; x_wconf 84' lang='lat' dir='ltr'><strong>valitudine</strong></span> <span class='ocrx_word' id='word_1_295' title='bbox 920 3277 982 3329; x_wconf 77' lang='lat' dir='ltr'><strong>2m.</strong></span> <span class='ocrx_word' id='word_1_296' title='bbox 1046 3278 1062 3326; x_wconf 83' lang='grc'><strong>9</strong></span> <span class='ocrx_word' id='word_1_297' title='bbox 1081 3274 1178 3328; x_wconf 79' lang='lat' dir='ltr'><strong>renim</strong></span> 
     </span>
     <span class='ocr_line' id='line_1_36' title="bbox 164 3339 1178 3414; baseline 0.004 -19"><span class='ocrx_word' id='word_1_298' title='bbox 164 3339 371 3396; x_wconf 80' lang='lat' dir='ltr'><strong>molestissimo.</strong></span> <span class='ocrx_word' id='word_1_299' title='bbox 411 3347 443 3396; x_wconf 88' lang='lat'><strong>14</strong></span> <span class='ocrx_word' id='word_1_300' title='bbox 458 3342 565 3411; x_wconf 86' lang='lat' dir='ltr'><strong>humor,</strong></span> <span class='ocrx_word' id='word_1_301' title='bbox 579 3345 643 3399; x_wconf 84' lang='lat' dir='ltr'><strong>item</strong></span> <span class='ocrx_word' id='word_1_302' title='bbox 659 3349 700 3398; x_wconf 85' lang='grc'><strong>19,</strong></span> <span class='ocrx_word' id='word_1_303' title='bbox 753 3349 786 3398; x_wconf 86' lang='lat'><strong>18</strong></span> <span class='ocrx_word' id='word_1_304' title='bbox 796 3343 936 3414; x_wconf 87' lang='lat' dir='ltr'><strong>phlenma.</strong></span> <span class='ocrx_word' id='word_1_305' title='bbox 974 3348 1009 3397; x_wconf 87' lang='grc'><strong>23</strong></span> <span class='ocrx_word' id='word_1_306' title='bbox 1020 3343 1055 3397; x_wconf 89' lang='lat' dir='ltr'><strong>ab</strong></span> <span class='ocrx_word' id='word_1_307' title='bbox 1064 3345 1178 3413; x_wconf 80' lang='lat' dir='ltr'><strong>scripsi.-</strong></span> 
     </span>
     <span class='ocr_line' id='line_1_37' title="bbox 164 3412 1176 3483; baseline 0.002 -17"><span class='ocrx_word' id='word_1_308' title='bbox 164 3428 200 3467; x_wconf 85' lang='lat' dir='ltr'><strong>aa</strong></span> <span class='ocrx_word' id='word_1_309' title='bbox 221 3412 284 3480; x_wconf 81' lang='lat' dir='ltr'><strong>(sic)</strong></span> <span class='ocrx_word' id='word_1_310' title='bbox 306 3412 378 3478; x_wconf 65' lang='lat' dir='ltr'><strong>cod„</strong></span> <span class='ocrx_word' id='word_1_311' title='bbox 401 3412 436 3468; x_wconf 87' lang='lat' dir='ltr'><strong>ad</strong></span> <span class='ocrx_word' id='word_1_312' title='bbox 460 3412 619 3469; x_wconf 72' lang='lat' dir='ltr'><strong>Omnarics.</strong></span> <span class='ocrx_word' id='word_1_313' title='bbox 706 3420 742 3468; x_wconf 76' lang='grc'><strong>24</strong></span> <span class='ocrx_word' id='word_1_314' title='bbox 762 3431 849 3483; x_wconf 75' lang='lat' dir='ltr'><strong>sopra</strong></span> <span class='ocrx_word' id='word_1_315' title='bbox 871 3430 973 3470; x_wconf 83' lang='lat' dir='ltr'><strong>venere</strong></span> <span class='ocrx_word' id='word_1_316' title='bbox 998 3415 1062 3470; x_wconf 80' lang='lat' dir='ltr'><strong>add.</strong></span> <span class='ocrx_word' id='word_1_317' title='bbox 1082 3418 1134 3470; x_wconf 76' lang='lat' dir='ltr'><strong>2m</strong></span> <span class='ocrx_word' id='word_1_318' title='bbox 1151 3431 1176 3469; x_wconf 86' lang='lat' dir='ltr'><strong>a.</strong></span> 
     </span>
     <span class='ocr_line' id='line_1_38' title="bbox 164 3482 973 3555; baseline 0.001 -17"><span class='ocrx_word' id='word_1_319' title='bbox 164 3488 197 3538; x_wconf 78' lang='grc'><strong>27</strong></span> <span class='ocrx_word' id='word_1_320' title='bbox 217 3482 318 3555; x_wconf 83' lang='lat' dir='ltr'><strong>acutis]</strong></span> <span class='ocrx_word' id='word_1_321' title='bbox 337 3482 449 3553; x_wconf 87' lang='lat' dir='ltr'><strong>frigidis</strong></span> <span class='ocrx_word' id='word_1_322' title='bbox 470 3483 628 3541; x_wconf 72' lang='lat' dir='ltr'><strong>Coronatus.</strong></span> <span class='ocrx_word' id='word_1_323' title='bbox 712 3490 745 3538; x_wconf 89' lang='grc'><strong>32</strong></span> <span class='ocrx_word' id='word_1_324' title='bbox 764 3486 895 3540; x_wconf 88' lang='lat' dir='ltr'><strong>humores</strong></span> <span class='ocrx_word' id='word_1_325' title='bbox 913 3490 973 3542; x_wconf 81' lang='lat' dir='ltr'><strong>2m.</strong></span> 
     </span>
    </p>
   </div>
   <div class='ocr_carea' id='block_1_4' title="bbox 0 0 1310 4017">
    <p class='ocr_par' dir='ltr' id='par_1_7' title="bbox 0 0 1310 4017">
     <span class='ocr_line' id='line_1_39' title="bbox 0 0 1310 4017; baseline 0 0"><span class='ocrx_word' id='word_1_326' title='bbox 0 0 1310 4017; x_wconf 95' lang='lat' dir='ltr'><strong> </strong></span> 
     </span>
    </p>
   </div>
  </div>
 </body>
</html>
