<?xml version="1.0" encoding="UTF-8"?>
<!DOCTYPE html PUBLIC "-//W3C//DTD XHTML 1.0 Transitional//EN"
    "http://www.w3.org/TR/xhtml1/DTD/xhtml1-transitional.dtd">
<html xmlns="http://www.w3.org/1999/xhtml" xml:lang="en" lang="en">
 <head>
  <title>
</title>
<meta http-equiv="Content-Type" content="text/html;charset=utf-8" />
  <meta name='ocr-system' content='tesseract 3.04.00' />
  <meta name='ocr-capabilities' content='ocr_page ocr_carea ocr_par ocr_line ocrx_word'/>
</head>
<body>
  <div class='ocr_page' id='page_1' title='image "./marcellidemedic03helmgoog_0275.png"; bbox 0 0 2609 4017; ppageno 0'>
   <div class='ocr_carea' id='block_1_1' title="bbox 396 147 724 233">
    <p class='ocr_par' dir='ltr' id='par_1_1' title="bbox 396 147 724 233">
     <span class='ocr_line' id='line_1_1' title="bbox 396 147 724 233; baseline 0.006 -2"><span class='ocrx_word' id='word_1_1' title='bbox 396 147 724 233; x_wconf 15' lang='grc'><strong>1-777-</strong></span> 
     </span>
    </p>
   </div>
   <div class='ocr_carea' id='block_1_2' title="bbox 39 328 1195 3259">
    <p class='ocr_par' dir='ltr' id='par_1_2' title="bbox 79 328 1109 479">
     <span class='ocr_line' id='line_1_2' title="bbox 79 328 1109 410; baseline 0.005 -23"><span class='ocrx_word' id='word_1_2' title='bbox 79 336 141 388; x_wconf 93' lang='lat' dir='ltr'><strong>aut</strong></span> <span class='ocrx_word' id='word_1_3' title='bbox 176 329 277 389; x_wconf 90' lang='lat' dir='ltr'><strong>fumus</strong></span> <span class='ocrx_word' id='word_1_4' title='bbox 310 336 444 410; x_wconf 80' lang='lat' dir='ltr'><strong>emanet3</strong></span> <span class='ocrx_word' id='word_1_5' title='bbox 481 328 686 392; x_wconf 88' lang='lat' dir='ltr'><strong>efficacissime</strong></span> <span class='ocrx_word' id='word_1_6' title='bbox 721 331 901 392; x_wconf 83' lang='lat' dir='ltr'><strong>incommodi</strong></span> <span class='ocrx_word' id='word_1_7' title='bbox 939 332 1004 392; x_wconf 90' lang='lat' dir='ltr'><strong>eius</strong></span> <span class='ocrx_word' id='word_1_8' title='bbox 1037 333 1109 392; x_wconf 90' lang='lat' dir='ltr'><strong>vitio</strong></span> 
     </span>
     <span class='ocr_line' id='line_1_3' title="bbox 79 417 215 479; baseline 0.015 -2"><span class='ocrx_word' id='word_1_9' title='bbox 79 417 215 479; x_wconf 81' lang='lat' dir='ltr'><strong>carebit.</strong></span> 
     </span>
    </p>

    <p class='ocr_par' dir='ltr' id='par_1_3' title="bbox 79 508 1163 678">
     <span class='ocr_line' id='line_1_4' title="bbox 181 508 1163 589; baseline 0.003 -22"><span class='ocrx_word' id='word_1_10' title='bbox 181 508 267 568; x_wconf 82' lang='lat' dir='ltr'><strong>Asini</strong></span> <span class='ocrx_word' id='word_1_11' title='bbox 294 526 383 568; x_wconf 91' lang='lat' dir='ltr'><strong>renes</strong></span> <span class='ocrx_word' id='word_1_12' title='bbox 410 508 533 568; x_wconf 79' lang='lat' dir='ltr'><strong>arefacti</strong></span> <span class='ocrx_word' id='word_1_13' title='bbox 559 516 649 588; x_wconf 89' lang='lat' dir='ltr'><strong>atque</strong></span> <span class='ocrx_word' id='word_1_14' title='bbox 673 511 772 571; x_wconf 83' lang='lat' dir='ltr'><strong>exusti</strong></span> <span class='ocrx_word' id='word_1_15' title='bbox 794 510 931 589; x_wconf 81' lang='lat' dir='ltr'><strong>tritique,</strong></span> <span class='ocrx_word' id='word_1_16' title='bbox 953 509 985 569; x_wconf 90' lang='lat' dir='ltr'><strong>id</strong></span> <span class='ocrx_word' id='word_1_17' title='bbox 1008 512 1163 571; x_wconf 88' lang='grc'><strong>7771777</strong></span> 
     </span>
     <span class='ocr_line' id='line_1_5' title="bbox 79 595 1110 678; baseline 0.003 -21"><span class='ocrx_word' id='word_1_18' title='bbox 79 595 246 675; x_wconf 91' lang='lat' dir='ltr'><strong>pulverem</strong></span> <span class='ocrx_word' id='word_1_19' title='bbox 275 598 484 658; x_wconf 91' lang='lat' dir='ltr'><strong>tenuissimum</strong></span> <span class='ocrx_word' id='word_1_20' title='bbox 512 596 638 678; x_wconf 84' lang='lat' dir='ltr'><strong>redacti,</strong></span> <span class='ocrx_word' id='word_1_21' title='bbox 667 605 698 659; x_wconf 92' lang='lat' dir='ltr'><strong>et</strong></span> <span class='ocrx_word' id='word_1_22' title='bbox 724 617 760 659; x_wconf 86' lang='grc'><strong>77</strong></span> <span class='ocrx_word' id='word_1_23' title='bbox 783 617 923 660; x_wconf 88' lang='lat' dir='ltr'><strong>mensura</strong></span> <span class='ocrx_word' id='word_1_24' title='bbox 946 597 1110 661; x_wconf 79' lang='lat' dir='ltr'><strong>conchulae</strong></span> 
     </span>
    </p>

    <p class='ocr_par' dir='ltr' id='par_1_4' title="bbox 51 686 1109 836">
     <span class='ocr_line' id='line_1_6' title="bbox 51 686 1109 769; baseline 0.007 -28"><span class='ocrx_word' id='word_1_25' title='bbox 51 687 184 746; x_wconf 79' lang='lat' dir='ltr'><strong>sunius</strong></span> <span class='ocrx_word' id='word_1_26' title='bbox 214 704 282 747; x_wconf 94' lang='lat' dir='ltr'><strong>oum</strong></span> <span class='ocrx_word' id='word_1_27' title='bbox 311 687 372 747; x_wconf 93' lang='lat' dir='ltr'><strong>vini</strong></span> <span class='ocrx_word' id='word_1_28' title='bbox 399 688 475 747; x_wconf 91' lang='lat' dir='ltr'><strong>meri</strong></span> <span class='ocrx_word' id='word_1_29' title='bbox 502 686 615 765; x_wconf 85' lang='lat' dir='ltr'><strong>cyathis</strong></span> <span class='ocrx_word' id='word_1_30' title='bbox 645 686 762 749; x_wconf 88' lang='lat' dir='ltr'><strong>duobus</strong></span> <span class='ocrx_word' id='word_1_31' title='bbox 789 690 993 769; x_wconf 82' lang='lat' dir='ltr'><strong>strangurioso</strong></span> <span class='ocrx_word' id='word_1_32' title='bbox 1023 690 1109 767; x_wconf 91' lang='lat' dir='ltr'><strong>potui</strong></span> 
     </span>
     <span class='ocr_line' id='line_1_7' title="bbox 82 774 529 836; baseline 0 -1"><span class='ocrx_word' id='word_1_33' title='bbox 82 775 155 836; x_wconf 89' lang='lat' dir='ltr'><strong>dati</strong></span> <span class='ocrx_word' id='word_1_34' title='bbox 178 774 341 836; x_wconf 86' lang='lat' dir='ltr'><strong>efficaciter</strong></span> <span class='ocrx_word' id='word_1_35' title='bbox 363 775 529 836; x_wconf 89' lang='lat' dir='ltr'><strong>medentur.</strong></span> 
     </span>
    </p>

    <p class='ocr_par' dir='ltr' id='par_1_5' title="bbox 83 862 1165 1123">
     <span class='ocr_line' id='line_1_8' title="bbox 182 862 1163 930; baseline 0.007 -8"><span class='ocrx_word' id='word_1_36' title='bbox 182 862 285 924; x_wconf 91' lang='lat' dir='ltr'><strong>Verris</strong></span> <span class='ocrx_word' id='word_1_37' title='bbox 313 864 438 925; x_wconf 86' lang='lat' dir='ltr'><strong>silvatici</strong></span> <span class='ocrx_word' id='word_1_38' title='bbox 464 864 569 925; x_wconf 90' lang='lat' dir='ltr'><strong>lotium</strong></span> <span class='ocrx_word' id='word_1_39' title='bbox 596 883 665 925; x_wconf 91' lang='lat' dir='ltr'><strong>cum</strong></span> <span class='ocrx_word' id='word_1_40' title='bbox 688 883 741 925; x_wconf 87' lang='lat' dir='ltr'><strong>sua</strong></span> <span class='ocrx_word' id='word_1_41' title='bbox 764 867 877 926; x_wconf 85' lang='lat' dir='ltr'><strong>vessica</strong></span> <span class='ocrx_word' id='word_1_42' title='bbox 900 868 931 927; x_wconf 93' lang='lat' dir='ltr'><strong>in</strong></span> <span class='ocrx_word' id='word_1_43' title='bbox 955 867 1036 928; x_wconf 91' lang='lat' dir='ltr'><strong>fumo</strong></span> <span class='ocrx_word' id='word_1_44' title='bbox 1060 885 1109 927; x_wconf 91' lang='lat' dir='ltr'><strong>su·</strong></span> <span class='ocrx_word' id='word_1_45' title='bbox 1129 881 1163 930; x_wconf 81' lang='grc'><strong>73</strong></span> 
     </span>
     <span class='ocr_line' id='line_1_9' title="bbox 83 953 1109 1033; baseline 0.004 -20"><span class='ocrx_word' id='word_1_46' title='bbox 83 971 236 1033; x_wconf 91' lang='lat' dir='ltr'><strong>spensum</strong></span> <span class='ocrx_word' id='word_1_47' title='bbox 260 961 291 1014; x_wconf 92' lang='grc'><strong>77</strong></span> <span class='ocrx_word' id='word_1_48' title='bbox 313 953 501 1015; x_wconf 89' lang='lat' dir='ltr'><strong>adservatum</strong></span> <span class='ocrx_word' id='word_1_49' title='bbox 524 955 737 1033; x_wconf 81' lang='lat' dir='ltr'><strong>stranguriosis</strong></span> <span class='ocrx_word' id='word_1_50' title='bbox 757 973 826 1015; x_wconf 91' lang='lat' dir='ltr'><strong>cum</strong></span> <span class='ocrx_word' id='word_1_51' title='bbox 843 956 963 1033; x_wconf 90' lang='lat' dir='ltr'><strong>potione</strong></span> <span class='ocrx_word' id='word_1_52' title='bbox 982 958 1109 1017; x_wconf 81' lang='lat' dir='ltr'><strong>mistum</strong></span> 
     </span>
     <span class='ocr_line' id='line_1_10' title="bbox 83 1041 1165 1123; baseline 0.006 -22"><span class='ocrx_word' id='word_1_53' title='bbox 83 1044 178 1120; x_wconf 91' lang='lat' dir='ltr'><strong>potui</strong></span> <span class='ocrx_word' id='word_1_54' title='bbox 207 1042 308 1103; x_wconf 89' lang='lat' dir='ltr'><strong>datum</strong></span> <span class='ocrx_word' id='word_1_55' title='bbox 336 1043 540 1103; x_wconf 86' lang='lat' dir='ltr'><strong>efficacissime</strong></span> <span class='ocrx_word' id='word_1_56' title='bbox 568 1042 699 1121; x_wconf 91' lang='lat' dir='ltr'><strong>prodest.</strong></span> <span class='ocrx_word' id='word_1_57' title='bbox 745 1041 801 1103; x_wconf 92' lang='lat' dir='ltr'><strong>Pili</strong></span> <span class='ocrx_word' id='word_1_58' title='bbox 829 1046 944 1123; x_wconf 91' lang='lat' dir='ltr'><strong>caprini</strong></span> <span class='ocrx_word' id='word_1_59' title='bbox 971 1044 1111 1106; x_wconf 88' lang='lat' dir='ltr'><strong>conbusti</strong></span> <span class='ocrx_word' id='word_1_60' title='bbox 1129 1059 1165 1110; x_wconf 83' lang='grc'><strong>74</strong></span> 
     </span>
    </p>

    <p class='ocr_par' dir='ltr' id='par_1_6' title="bbox 39 1132 1195 1551">
     <span class='ocr_line' id='line_1_11' title="bbox 39 1132 1195 1212; baseline 0.005 -23"><span class='ocrx_word' id='word_1_61' title='bbox 39 1132 218 1210; x_wconf 75' lang='lat' dir='ltr'><strong>utrinque</strong></span> <span class='ocrx_word' id='word_1_62' title='bbox 247 1133 334 1192; x_wconf 91' lang='lat' dir='ltr'><strong>etin</strong></span> <span class='ocrx_word' id='word_1_63' title='bbox 361 1133 481 1211; x_wconf 93' lang='lat' dir='ltr'><strong>potione</strong></span> <span class='ocrx_word' id='word_1_64' title='bbox 512 1132 573 1192; x_wconf 88' lang='lat' dir='ltr'><strong>dati</strong></span> <span class='ocrx_word' id='word_1_65' title='bbox 601 1134 823 1212; x_wconf 85' lang='lat' dir='ltr'><strong>stranguriosos</strong></span> <span class='ocrx_word' id='word_1_66' title='bbox 850 1140 988 1212; x_wconf 88' lang='lat' dir='ltr'><strong>potenter</strong></span> <span class='ocrx_word' id='word_1_67' title='bbox 1011 1152 1110 1195; x_wconf 93' lang='lat' dir='ltr'><strong>emen·</strong></span> <span class='ocrx_word' id='word_1_68' title='bbox 1192 1165 1195 1174; x_wconf 43' lang='grc' dir='ltr'><em>ν</em></span> 
     </span>
     <span class='ocr_line' id='line_1_12' title="bbox 84 1219 1163 1303; baseline 0.005 -23"><span class='ocrx_word' id='word_1_69' title='bbox 84 1221 172 1280; x_wconf 89' lang='lat' dir='ltr'><strong>dant.</strong></span> <span class='ocrx_word' id='word_1_70' title='bbox 210 1219 419 1281; x_wconf 90' lang='lat' dir='ltr'><strong>Pedioulorum</strong></span> <span class='ocrx_word' id='word_1_71' title='bbox 443 1222 619 1301; x_wconf 85' lang='lat' dir='ltr'><strong>agninorum</strong></span> <span class='ocrx_word' id='word_1_72' title='bbox 643 1221 837 1283; x_wconf 89' lang='lat' dir='ltr'><strong>decoctorum</strong></span> <span class='ocrx_word' id='word_1_73' title='bbox 859 1223 907 1283; x_wconf 91' lang='lat' dir='ltr'><strong>ius</strong></span> <span class='ocrx_word' id='word_1_74' title='bbox 927 1225 1012 1303; x_wconf 90' lang='lat' dir='ltr'><strong>potui</strong></span> <span class='ocrx_word' id='word_1_75' title='bbox 1031 1239 1110 1283; x_wconf 89' lang='lat' dir='ltr'><strong>sum·</strong></span> <span class='ocrx_word' id='word_1_76' title='bbox 1129 1237 1163 1288; x_wconf 78' lang='grc'><strong>75</strong></span> 
     </span>
     <span class='ocr_line' id='line_1_13' title="bbox 83 1309 1163 1391; baseline 0.006 -22"><span class='ocrx_word' id='word_1_77' title='bbox 83 1318 179 1387; x_wconf 86' lang='lat' dir='ltr'><strong>ptum</strong></span> <span class='ocrx_word' id='word_1_78' title='bbox 198 1312 409 1389; x_wconf 85' lang='lat' dir='ltr'><strong>stranguriosis</strong></span> <span class='ocrx_word' id='word_1_79' title='bbox 428 1309 591 1389; x_wconf 91' lang='lat' dir='ltr'><strong>plurimum</strong></span> <span class='ocrx_word' id='word_1_80' title='bbox 609 1310 741 1389; x_wconf 89' lang='lat' dir='ltr'><strong>prodest.</strong></span> <span class='ocrx_word' id='word_1_81' title='bbox 766 1310 901 1373; x_wconf 81' lang='lat' dir='ltr'><strong>irenacei</strong></span> <span class='ocrx_word' id='word_1_82' title='bbox 915 1330 984 1373; x_wconf 86' lang='lat' dir='ltr'><strong>caro</strong></span> <span class='ocrx_word' id='word_1_83' title='bbox 998 1314 1109 1391; x_wconf 89' lang='lat' dir='ltr'><strong>optime</strong></span> <span class='ocrx_word' id='word_1_84' title='bbox 1129 1326 1163 1376; x_wconf 84' lang='grc'><strong>77</strong></span> 
     </span>
     <span class='ocr_line' id='line_1_14' title="bbox 86 1398 1110 1479; baseline 0.003 -20"><span class='ocrx_word' id='word_1_85' title='bbox 86 1398 217 1459; x_wconf 88' lang='grc'><strong>71777777</strong></span> <span class='ocrx_word' id='word_1_86' title='bbox 241 1406 327 1477; x_wconf 86' lang='lat' dir='ltr'><strong>atque</strong></span> <span class='ocrx_word' id='word_1_87' title='bbox 351 1400 382 1459; x_wconf 93' lang='lat' dir='ltr'><strong>in</strong></span> <span class='ocrx_word' id='word_1_88' title='bbox 406 1398 472 1459; x_wconf 91' lang='lat' dir='ltr'><strong>cibo</strong></span> <span class='ocrx_word' id='word_1_89' title='bbox 496 1407 614 1478; x_wconf 87' lang='lat' dir='ltr'><strong>sumpta</strong></span> <span class='ocrx_word' id='word_1_90' title='bbox 637 1402 850 1479; x_wconf 83' lang='lat' dir='ltr'><strong>stranguriosis</strong></span> <span class='ocrx_word' id='word_1_91' title='bbox 872 1404 948 1462; x_wconf 92' lang='lat' dir='ltr'><strong>mire</strong></span> <span class='ocrx_word' id='word_1_92' title='bbox 971 1400 1110 1463; x_wconf 87' lang='lat' dir='ltr'><strong>subvenit</strong></span> 
     </span>
     <span class='ocr_line' id='line_1_15' title="bbox 88 1487 816 1551; baseline 0.004 -3"><span class='ocrx_word' id='word_1_93' title='bbox 88 1496 125 1548; x_wconf 90' lang='lat' dir='ltr'><strong>et</strong></span> <span class='ocrx_word' id='word_1_94' title='bbox 149 1490 209 1549; x_wconf 87' lang='lat' dir='ltr'><strong>cito</strong></span> <span class='ocrx_word' id='word_1_95' title='bbox 233 1487 399 1549; x_wconf 87' lang='lat' dir='ltr'><strong>naturalem</strong></span> <span class='ocrx_word' id='word_1_96' title='bbox 423 1489 526 1548; x_wconf 87' lang='lat' dir='ltr'><strong>urinae</strong></span> <span class='ocrx_word' id='word_1_97' title='bbox 550 1505 672 1551; x_wconf 89' lang='lat' dir='ltr'><strong>cursum</strong></span> <span class='ocrx_word' id='word_1_98' title='bbox 696 1489 816 1551; x_wconf 83' lang='lat' dir='ltr'><strong>relaxat.</strong></span> 
     </span>
    </p>

    <p class='ocr_par' dir='ltr' id='par_1_7' title="bbox 42 1575 1164 2013">
     <span class='ocr_line' id='line_1_16' title="bbox 42 1575 1163 1656; baseline 0.004 -20"><span class='ocrx_word' id='word_1_99' title='bbox 42 1590 69 1630; x_wconf 82' lang='lat'><strong>15</strong></span> <span class='ocrx_word' id='word_1_100' title='bbox 185 1575 308 1637; x_wconf 84' lang='lat' dir='ltr'><strong>Goeleae</strong></span> <span class='ocrx_word' id='word_1_101' title='bbox 331 1577 441 1638; x_wconf 89' lang='lat' dir='ltr'><strong>crudae</strong></span> <span class='ocrx_word' id='word_1_102' title='bbox 465 1578 609 1638; x_wconf 88' lang='lat' dir='ltr'><strong>contritae</strong></span> <span class='ocrx_word' id='word_1_103' title='bbox 634 1595 704 1638; x_wconf 91' lang='lat' dir='ltr'><strong>cum</strong></span> <span class='ocrx_word' id='word_1_104' title='bbox 726 1580 812 1639; x_wconf 88' lang='lat' dir='ltr'><strong>testis</strong></span> <span class='ocrx_word' id='word_1_105' title='bbox 835 1580 948 1639; x_wconf 90' lang='lat' dir='ltr'><strong>suiset</strong></span> <span class='ocrx_word' id='word_1_106' title='bbox 967 1595 1109 1656; x_wconf 82' lang='lat' dir='ltr'><strong>expasso</strong></span> <span class='ocrx_word' id='word_1_107' title='bbox 1129 1592 1163 1643; x_wconf 91' lang='grc'><strong>77</strong></span> 
     </span>
     <span class='ocr_line' id='line_1_17' title="bbox 89 1665 1110 1746; baseline 0 -21"><span class='ocrx_word' id='word_1_108' title='bbox 89 1684 149 1744; x_wconf 93' lang='lat' dir='ltr'><strong>per</strong></span> <span class='ocrx_word' id='word_1_109' title='bbox 173 1665 238 1726; x_wconf 90' lang='lat' dir='ltr'><strong>dies</strong></span> <span class='ocrx_word' id='word_1_110' title='bbox 261 1673 374 1746; x_wconf 89' lang='lat' dir='ltr'><strong>septem</strong></span> <span class='ocrx_word' id='word_1_111' title='bbox 398 1673 449 1727; x_wconf 88' lang='lat' dir='ltr'><strong>aut</strong></span> <span class='ocrx_word' id='word_1_112' title='bbox 469 1674 502 1727; x_wconf 93' lang='lat' dir='ltr'><strong>ut</strong></span> <span class='ocrx_word' id='word_1_113' title='bbox 524 1666 689 1746; x_wconf 90' lang='lat' dir='ltr'><strong>plurimum</strong></span> <span class='ocrx_word' id='word_1_114' title='bbox 710 1684 817 1727; x_wconf 92' lang='lat' dir='ltr'><strong>novem</strong></span> <span class='ocrx_word' id='word_1_115' title='bbox 840 1668 925 1746; x_wconf 90' lang='lat' dir='ltr'><strong>potui</strong></span> <span class='ocrx_word' id='word_1_116' title='bbox 944 1666 1028 1727; x_wconf 88' lang='lat' dir='ltr'><strong>datae</strong></span> <span class='ocrx_word' id='word_1_117' title='bbox 1048 1666 1110 1726; x_wconf 88' lang='lat' dir='ltr'><strong>effi·</strong></span> 
     </span>
     <span class='ocr_line' id='line_1_18' title="bbox 89 1755 1164 1834; baseline 0 -19"><span class='ocrx_word' id='word_1_118' title='bbox 89 1756 207 1815; x_wconf 91' lang='lat' dir='ltr'><strong>caciter</strong></span> <span class='ocrx_word' id='word_1_119' title='bbox 235 1755 371 1834; x_wconf 80' lang='lat' dir='ltr'><strong>dysuriae</strong></span> <span class='ocrx_word' id='word_1_120' title='bbox 399 1763 534 1834; x_wconf 91' lang='lat' dir='ltr'><strong>prosunt.</strong></span> <span class='ocrx_word' id='word_1_121' title='bbox 579 1755 679 1816; x_wconf 78' lang='lat' dir='ltr'><strong>Amuli</strong></span> <span class='ocrx_word' id='word_1_122' title='bbox 701 1756 885 1816; x_wconf 87' lang='lat' dir='ltr'><strong>semunciam</strong></span> <span class='ocrx_word' id='word_1_123' title='bbox 907 1757 996 1815; x_wconf 92' lang='lat' dir='ltr'><strong>terito</strong></span> <span class='ocrx_word' id='word_1_124' title='bbox 1020 1761 1110 1833; x_wconf 89' lang='lat' dir='ltr'><strong>atque</strong></span> <span class='ocrx_word' id='word_1_125' title='bbox 1130 1766 1164 1816; x_wconf 85' lang='grc'><strong>78</strong></span> 
     </span>
     <span class='ocr_line' id='line_1_19' title="bbox 90 1842 1110 1922; baseline -0.001 -18"><span class='ocrx_word' id='word_1_126' title='bbox 90 1843 196 1904; x_wconf 88' lang='grc'><strong>77171177</strong></span> <span class='ocrx_word' id='word_1_127' title='bbox 219 1862 308 1905; x_wconf 92' lang='lat' dir='ltr'><strong>ovum</strong></span> <span class='ocrx_word' id='word_1_128' title='bbox 330 1862 436 1905; x_wconf 90' lang='lat' dir='ltr'><strong>recens</strong></span> <span class='ocrx_word' id='word_1_129' title='bbox 461 1845 579 1905; x_wconf 89' lang='lat' dir='ltr'><strong>eteius</strong></span> <span class='ocrx_word' id='word_1_130' title='bbox 607 1846 656 1904; x_wconf 93' lang='lat' dir='ltr'><strong>ovi</strong></span> <span class='ocrx_word' id='word_1_131' title='bbox 683 1852 790 1905; x_wconf 91' lang='lat' dir='ltr'><strong>testam</strong></span> <span class='ocrx_word' id='word_1_132' title='bbox 817 1851 865 1904; x_wconf 90' lang='lat' dir='ltr'><strong>ter</strong></span> <span class='ocrx_word' id='word_1_133' title='bbox 887 1862 974 1922; x_wconf 92' lang='lat' dir='ltr'><strong>passo</strong></span> <span class='ocrx_word' id='word_1_134' title='bbox 998 1842 1110 1922; x_wconf 92' lang='lat' dir='ltr'><strong>inpleto</strong></span> 
     </span>
     <span class='ocr_line' id='line_1_20' title="bbox 90 1932 1110 2013; baseline -0.001 -20"><span class='ocrx_word' id='word_1_135' title='bbox 90 1933 185 2013; x_wconf 90' lang='lat' dir='ltr'><strong>idque</strong></span> <span class='ocrx_word' id='word_1_136' title='bbox 214 1932 354 2012; x_wconf 91' lang='lat' dir='ltr'><strong>poculum</strong></span> <span class='ocrx_word' id='word_1_137' title='bbox 381 1932 433 1994; x_wconf 93' lang='lat' dir='ltr'><strong>diu</strong></span> <span class='ocrx_word' id='word_1_138' title='bbox 460 1935 603 2012; x_wconf 84' lang='lat' dir='ltr'><strong>agitatum</strong></span> <span class='ocrx_word' id='word_1_139' title='bbox 631 1941 661 1994; x_wconf 91' lang='lat' dir='ltr'><strong>et</strong></span> <span class='ocrx_word' id='word_1_140' title='bbox 688 1933 883 1994; x_wconf 89' lang='lat' dir='ltr'><strong>fervefactum</strong></span> <span class='ocrx_word' id='word_1_141' title='bbox 906 1934 1110 2012; x_wconf 81' lang='lat' dir='ltr'><strong>strangurioso</strong></span> 
     </span>
    </p>

    <p class='ocr_par' dir='ltr' id='par_1_8' title="bbox 47 2021 1164 2459">
     <span class='ocr_line' id='line_1_21' title="bbox 47 2021 1111 2102; baseline 0.005 -25"><span class='ocrx_word' id='word_1_142' title='bbox 47 2034 75 2075; x_wconf 84' lang='grc'><strong>77</strong></span> <span class='ocrx_word' id='word_1_143' title='bbox 92 2040 216 2082; x_wconf 87' lang='grc'><strong>7777777</strong></span> <span class='ocrx_word' id='word_1_144' title='bbox 245 2041 262 2081; x_wconf 90' lang='grc'><strong>7</strong></span> <span class='ocrx_word' id='word_1_145' title='bbox 289 2021 412 2083; x_wconf 92' lang='lat' dir='ltr'><strong>balineis</strong></span> <span class='ocrx_word' id='word_1_146' title='bbox 441 2022 522 2102; x_wconf 87' lang='lat' dir='ltr'><strong>dato,</strong></span> <span class='ocrx_word' id='word_1_147' title='bbox 553 2024 633 2082; x_wconf 91' lang='lat' dir='ltr'><strong>omni</strong></span> <span class='ocrx_word' id='word_1_148' title='bbox 660 2040 729 2084; x_wconf 92' lang='lat' dir='ltr'><strong>eum</strong></span> <span class='ocrx_word' id='word_1_149' title='bbox 753 2022 855 2083; x_wconf 87' lang='lat' dir='ltr'><strong>dolore</strong></span> <span class='ocrx_word' id='word_1_150' title='bbox 878 2041 912 2083; x_wconf 93' lang='grc'><strong>77</strong></span> <span class='ocrx_word' id='word_1_151' title='bbox 936 2021 1111 2083; x_wconf 86' lang='lat' dir='ltr'><strong>difficultate</strong></span> 
     </span>
     <span class='ocr_line' id='line_1_22' title="bbox 91 2110 1164 2192; baseline 0 -21"><span class='ocrx_word' id='word_1_152' title='bbox 91 2110 235 2171; x_wconf 86' lang='lat' dir='ltr'><strong>celeriter</strong></span> <span class='ocrx_word' id='word_1_153' title='bbox 258 2110 399 2171; x_wconf 85' lang='lat' dir='ltr'><strong>absolves.</strong></span> <span class='ocrx_word' id='word_1_154' title='bbox 433 2110 518 2171; x_wconf 87' lang='lat' dir='ltr'><strong>Cicer</strong></span> <span class='ocrx_word' id='word_1_155' title='bbox 541 2112 1110 2192; x_wconf 75' lang='grc'><strong>7717717777177777777777717777777</strong></span> <span class='ocrx_word' id='word_1_156' title='bbox 1130 2122 1164 2173; x_wconf 80' lang='grc'><strong>77</strong></span> 
     </span>
     <span class='ocr_line' id='line_1_23' title="bbox 91 2198 1111 2281; baseline 0.002 -22"><span class='ocrx_word' id='word_1_157' title='bbox 91 2199 155 2260; x_wconf 87' lang='grc'><strong>7717</strong></span> <span class='ocrx_word' id='word_1_158' title='bbox 180 2218 303 2278; x_wconf 90' lang='lat' dir='ltr'><strong>eamque</strong></span> <span class='ocrx_word' id='word_1_159' title='bbox 327 2202 530 2279; x_wconf 83' lang='lat' dir='ltr'><strong>strangurioso</strong></span> <span class='ocrx_word' id='word_1_160' title='bbox 550 2198 585 2261; x_wconf 90' lang='grc'><strong>771</strong></span> <span class='ocrx_word' id='word_1_161' title='bbox 605 2198 692 2261; x_wconf 92' lang='lat' dir='ltr'><strong>binos</strong></span> <span class='ocrx_word' id='word_1_162' title='bbox 711 2202 832 2281; x_wconf 87' lang='lat' dir='ltr'><strong>cyathos</strong></span> <span class='ocrx_word' id='word_1_163' title='bbox 851 2200 1011 2263; x_wconf 86' lang='lat' dir='ltr'><strong>bibendam</strong></span> <span class='ocrx_word' id='word_1_164' title='bbox 1032 2201 1111 2281; x_wconf 87' lang='lat' dir='ltr'><strong>dato,</strong></span> 
     </span>
     <span class='ocr_line' id='line_1_24' title="bbox 92 2288 1164 2369; baseline 0.004 -21"><span class='ocrx_word' id='word_1_165' title='bbox 92 2290 257 2349; x_wconf 82' lang='lat' dir='ltr'><strong>efficaciter</strong></span> <span class='ocrx_word' id='word_1_166' title='bbox 272 2290 392 2350; x_wconf 89' lang='lat' dir='ltr'><strong>iuveris.</strong></span> <span class='ocrx_word' id='word_1_167' title='bbox 423 2288 526 2349; x_wconf 75' lang='lat' dir='ltr'><strong>fimus</strong></span> <span class='ocrx_word' id='word_1_168' title='bbox 544 2288 735 2369; x_wconf 85' lang='lat' dir='ltr'><strong>palumbinus</strong></span> <span class='ocrx_word' id='word_1_169' title='bbox 748 2294 780 2351; x_wconf 91' lang='lat' dir='ltr'><strong>in</strong></span> <span class='ocrx_word' id='word_1_170' title='bbox 794 2290 957 2352; x_wconf 87' lang='lat' dir='ltr'><strong>sorbitione</strong></span> <span class='ocrx_word' id='word_1_171' title='bbox 972 2298 1111 2369; x_wconf 90' lang='lat' dir='ltr'><strong>sumptus</strong></span> <span class='ocrx_word' id='word_1_172' title='bbox 1128 2301 1164 2352; x_wconf 88' lang='lat'><strong>80</strong></span> 
     </span>
     <span class='ocr_line' id='line_1_25' title="bbox 92 2376 1080 2459; baseline 0.001 -22"><span class='ocrx_word' id='word_1_173' title='bbox 92 2397 130 2438; x_wconf 86' lang='lat' dir='ltr'><strong>ex</strong></span> <span class='ocrx_word' id='word_1_174' title='bbox 155 2376 222 2437; x_wconf 90' lang='lat' dir='ltr'><strong>faba</strong></span> <span class='ocrx_word' id='word_1_175' title='bbox 245 2377 321 2439; x_wconf 92' lang='lat' dir='ltr'><strong>facta</strong></span> <span class='ocrx_word' id='word_1_176' title='bbox 344 2377 517 2438; x_wconf 89' lang='lat' dir='ltr'><strong>admirabile</strong></span> <span class='ocrx_word' id='word_1_177' title='bbox 541 2381 755 2457; x_wconf 78' lang='lat' dir='ltr'><strong>stranguriosis</strong></span> <span class='ocrx_word' id='word_1_178' title='bbox 773 2386 905 2459; x_wconf 86' lang='lat' dir='ltr'><strong>praestat</strong></span> <span class='ocrx_word' id='word_1_179' title='bbox 928 2378 1080 2439; x_wconf 81' lang='lat' dir='ltr'><strong>auxilium.</strong></span> 
     </span>
    </p>

    <p class='ocr_par' dir='ltr' id='par_1_9' title="bbox 49 2465 1164 2890">
     <span class='ocr_line' id='line_1_26' title="bbox 49 2465 1162 2530; baseline 0.008 -10"><span class='ocrx_word' id='word_1_180' title='bbox 49 2480 75 2521; x_wconf 78' lang='lat'><strong>25</strong></span> <span class='ocrx_word' id='word_1_181' title='bbox 185 2465 349 2528; x_wconf 85' lang='lat' dir='ltr'><strong>Turturum</strong></span> <span class='ocrx_word' id='word_1_182' title='bbox 367 2468 456 2527; x_wconf 89' lang='lat' dir='ltr'><strong>fimus</strong></span> <span class='ocrx_word' id='word_1_183' title='bbox 476 2485 511 2528; x_wconf 87' lang='grc'><strong>77</strong></span> <span class='ocrx_word' id='word_1_184' title='bbox 527 2466 623 2528; x_wconf 91' lang='lat' dir='ltr'><strong>mulso</strong></span> <span class='ocrx_word' id='word_1_185' title='bbox 639 2477 743 2530; x_wconf 90' lang='lat' dir='ltr'><strong>coctus</strong></span> <span class='ocrx_word' id='word_1_186' title='bbox 757 2475 788 2528; x_wconf 90' lang='lat' dir='ltr'><strong>et</strong></span> <span class='ocrx_word' id='word_1_187' title='bbox 802 2468 896 2528; x_wconf 90' lang='lat' dir='ltr'><strong>ceroti</strong></span> <span class='ocrx_word' id='word_1_188' title='bbox 910 2466 998 2526; x_wconf 90' lang='lat' dir='ltr'><strong>modo</strong></span> <span class='ocrx_word' id='word_1_189' title='bbox 1012 2467 1111 2527; x_wconf 90' lang='lat' dir='ltr'><strong>ventri</strong></span> <span class='ocrx_word' id='word_1_190' title='bbox 1129 2480 1162 2529; x_wconf 86' lang='lat'><strong>81</strong></span> 
     </span>
     <span class='ocr_line' id='line_1_27' title="bbox 92 2554 1164 2635; baseline 0.003 -19"><span class='ocrx_word' id='word_1_191' title='bbox 92 2575 127 2617; x_wconf 88' lang='lat' dir='ltr'><strong>ac</strong></span> <span class='ocrx_word' id='word_1_192' title='bbox 152 2555 275 2616; x_wconf 86' lang='lat' dir='ltr'><strong>renibus</strong></span> <span class='ocrx_word' id='word_1_193' title='bbox 299 2555 461 2616; x_wconf 87' lang='lat' dir='ltr'><strong>laborantis</strong></span> <span class='ocrx_word' id='word_1_194' title='bbox 479 2558 628 2635; x_wconf 91' lang='lat' dir='ltr'><strong>inpositus</strong></span> <span class='ocrx_word' id='word_1_195' title='bbox 648 2556 809 2617; x_wconf 86' lang='lat' dir='ltr'><strong>efficaciter</strong></span> <span class='ocrx_word' id='word_1_196' title='bbox 827 2555 959 2635; x_wconf 90' lang='lat' dir='ltr'><strong>prodest.</strong></span> <span class='ocrx_word' id='word_1_197' title='bbox 994 2554 1110 2614; x_wconf 90' lang='lat' dir='ltr'><strong>Mentae</strong></span> <span class='ocrx_word' id='word_1_198' title='bbox 1129 2570 1164 2619; x_wconf 79' lang='grc'><strong>77</strong></span> 
     </span>
     <span class='ocr_line' id='line_1_28' title="bbox 92 2643 1111 2724; baseline -0.003 -19"><span class='ocrx_word' id='word_1_199' title='bbox 92 2645 171 2705; x_wconf 89' lang='lat' dir='ltr'><strong>benc</strong></span> <span class='ocrx_word' id='word_1_200' title='bbox 199 2646 287 2706; x_wconf 91' lang='lat' dir='ltr'><strong>tritae</strong></span> <span class='ocrx_word' id='word_1_201' title='bbox 316 2645 452 2706; x_wconf 86' lang='lat' dir='ltr'><strong>cocliaria</strong></span> <span class='ocrx_word' id='word_1_202' title='bbox 481 2645 539 2706; x_wconf 90' lang='lat' dir='ltr'><strong>duo</strong></span> <span class='ocrx_word' id='word_1_203' title='bbox 568 2663 604 2705; x_wconf 92' lang='grc'><strong>77</strong></span> <span class='ocrx_word' id='word_1_204' title='bbox 633 2663 709 2724; x_wconf 88' lang='lat' dir='ltr'><strong>aqua</strong></span> <span class='ocrx_word' id='word_1_205' title='bbox 737 2643 831 2705; x_wconf 90' lang='grc'><strong>7711717</strong></span> <span class='ocrx_word' id='word_1_206' title='bbox 857 2645 957 2705; x_wconf 92' lang='lat' dir='ltr'><strong>ieiuno</strong></span> <span class='ocrx_word' id='word_1_207' title='bbox 981 2661 1036 2722; x_wconf 94' lang='lat' dir='ltr'><strong>per</strong></span> <span class='ocrx_word' id='word_1_208' title='bbox 1058 2644 1111 2703; x_wconf 93' lang='lat' dir='ltr'><strong>tri·</strong></span> 
     </span>
     <span class='ocr_line' id='line_1_29' title="bbox 93 2729 1111 2815; baseline -0.002 -21"><span class='ocrx_word' id='word_1_209' title='bbox 93 2735 187 2795; x_wconf 88' lang='lat' dir='ltr'><strong>duum</strong></span> <span class='ocrx_word' id='word_1_210' title='bbox 206 2733 298 2815; x_wconf 89' lang='lat' dir='ltr'><strong>dabis,</strong></span> <span class='ocrx_word' id='word_1_211' title='bbox 317 2736 458 2795; x_wconf 87' lang='lat' dir='ltr'><strong>continuo</strong></span> <span class='ocrx_word' id='word_1_212' title='bbox 479 2736 622 2794; x_wconf 89' lang='lat' dir='ltr'><strong>vessicam</strong></span> <span class='ocrx_word' id='word_1_213' title='bbox 640 2733 785 2795; x_wconf 88' lang='lat' dir='ltr'><strong>relevabis</strong></span> <span class='ocrx_word' id='word_1_214' title='bbox 800 2734 976 2812; x_wconf 81' lang='lat' dir='ltr'><strong>unlnamque</strong></span> <span class='ocrx_word' id='word_1_215' title='bbox 991 2729 1111 2792; x_wconf 85' lang='lat' dir='ltr'><strong>laxabis.</strong></span> 
     </span>
     <span class='ocr_line' id='line_1_30' title="bbox 93 2821 1164 2890; baseline -0.001 -8"><span class='ocrx_word' id='word_1_216' title='bbox 93 2822 180 2883; x_wconf 93' lang='lat' dir='ltr'><strong>Pulei</strong></span> <span class='ocrx_word' id='word_1_217' title='bbox 207 2822 383 2883; x_wconf 91' lang='lat' dir='ltr'><strong>fasciculum</strong></span> <span class='ocrx_word' id='word_1_218' title='bbox 410 2824 441 2882; x_wconf 95' lang='lat' dir='ltr'><strong>in</strong></span> <span class='ocrx_word' id='word_1_219' title='bbox 470 2822 526 2883; x_wconf 95' lang='lat' dir='ltr'><strong>olla</strong></span> <span class='ocrx_word' id='word_1_220' title='bbox 553 2841 628 2883; x_wconf 81' lang='lat' dir='ltr'><strong>nova</strong></span> <span class='ocrx_word' id='word_1_221' title='bbox 657 2842 694 2884; x_wconf 89' lang='grc'><strong>77</strong></span> <span class='ocrx_word' id='word_1_222' title='bbox 722 2824 789 2884; x_wconf 87' lang='grc'><strong>7177</strong></span> <span class='ocrx_word' id='word_1_223' title='bbox 817 2830 918 2883; x_wconf 87' lang='grc'><strong>777777</strong></span> <span class='ocrx_word' id='word_1_224' title='bbox 946 2821 983 2882; x_wconf 92' lang='grc'><strong>771</strong></span> <span class='ocrx_word' id='word_1_225' title='bbox 1006 2822 1111 2882; x_wconf 89' lang='grc'><strong>7777177</strong></span> <span class='ocrx_word' id='word_1_226' title='bbox 1130 2840 1164 2890; x_wconf 84' lang='lat'><strong>83</strong></span> 
     </span>
    </p>

    <p class='ocr_par' dir='ltr' id='par_1_10' title="bbox 51 2910 1166 3081">
     <span class='ocr_line' id='line_1_31' title="bbox 51 2910 1111 2991; baseline -0.001 -19"><span class='ocrx_word' id='word_1_227' title='bbox 51 2924 79 2963; x_wconf 73' lang='lat'><strong>³0</strong></span> <span class='ocrx_word' id='word_1_228' title='bbox 94 2911 245 2990; x_wconf 89' lang='lat' dir='ltr'><strong>decoques</strong></span> <span class='ocrx_word' id='word_1_229' title='bbox 264 2920 294 2972; x_wconf 89' lang='lat' dir='ltr'><strong>et</strong></span> <span class='ocrx_word' id='word_1_230' title='bbox 309 2913 458 2991; x_wconf 87' lang='lat' dir='ltr'><strong>exprimes</strong></span> <span class='ocrx_word' id='word_1_231' title='bbox 472 2919 561 2990; x_wconf 89' lang='lat' dir='ltr'><strong>atque</strong></span> <span class='ocrx_word' id='word_1_232' title='bbox 581 2910 692 2973; x_wconf 88' lang='lat' dir='ltr'><strong>colabis</strong></span> <span class='ocrx_word' id='word_1_233' title='bbox 711 2919 742 2973; x_wconf 92' lang='lat' dir='ltr'><strong>et</strong></span> <span class='ocrx_word' id='word_1_234' title='bbox 760 2930 797 2972; x_wconf 84' lang='lat' dir='ltr'><strong>ex</strong></span> <span class='ocrx_word' id='word_1_235' title='bbox 811 2912 880 2973; x_wconf 91' lang='lat' dir='ltr'><strong>vino</strong></span> <span class='ocrx_word' id='word_1_236' title='bbox 899 2912 1000 2972; x_wconf 92' lang='lat' dir='ltr'><strong>ieiuno</strong></span> <span class='ocrx_word' id='word_1_237' title='bbox 1016 2918 1111 2972; x_wconf 88' lang='lat' dir='ltr'><strong>stran-</strong></span> 
     </span>
     <span class='ocr_line' id='line_1_32' title="bbox 94 2999 1166 3081; baseline -0.001 -20"><span class='ocrx_word' id='word_1_238' title='bbox 94 3002 215 3079; x_wconf 84' lang='lat' dir='ltr'><strong>gurioso</strong></span> <span class='ocrx_word' id='word_1_239' title='bbox 238 3003 376 3080; x_wconf 92' lang='lat' dir='ltr'><strong>potiones</strong></span> <span class='ocrx_word' id='word_1_240' title='bbox 399 3000 531 3079; x_wconf 81' lang='lat' dir='ltr'><strong>singulas</strong></span> <span class='ocrx_word' id='word_1_241' title='bbox 549 3019 604 3079; x_wconf 93' lang='lat' dir='ltr'><strong>per</strong></span> <span class='ocrx_word' id='word_1_242' title='bbox 622 3000 756 3062; x_wconf 91' lang='lat' dir='ltr'><strong>triduum</strong></span> <span class='ocrx_word' id='word_1_243' title='bbox 775 2999 867 3061; x_wconf 90' lang='lat' dir='ltr'><strong>dabis.</strong></span> <span class='ocrx_word' id='word_1_244' title='bbox 897 3000 1041 3081; x_wconf 85' lang='lat' dir='ltr'><strong>Lapillus,</strong></span> <span class='ocrx_word' id='word_1_245' title='bbox 1059 3002 1113 3079; x_wconf 86' lang='lat' dir='ltr'><strong>qui</strong></span> <span class='ocrx_word' id='word_1_246' title='bbox 1130 3025 1166 3074; x_wconf 85' lang='lat'><strong>84</strong></span> 
     </span>
    </p>

    <p class='ocr_par' dir='ltr' id='par_1_11' title="bbox 67 3088 1112 3259">
     <span class='ocr_line' id='line_1_33' title="bbox 67 3088 1112 3172; baseline 0 -23"><span class='ocrx_word' id='word_1_247' title='bbox 67 3090 246 3150; x_wconf 82' lang='lat' dir='ltr'><strong>’invenitur</strong></span> <span class='ocrx_word' id='word_1_248' title='bbox 273 3092 305 3150; x_wconf 94' lang='lat' dir='ltr'><strong>in</strong></span> <span class='ocrx_word' id='word_1_249' title='bbox 334 3091 499 3169; x_wconf 90' lang='lat' dir='ltr'><strong>scorpionis</strong></span> <span class='ocrx_word' id='word_1_250' title='bbox 523 3092 631 3151; x_wconf 91' lang='lat' dir='ltr'><strong>marini</strong></span> <span class='ocrx_word' id='word_1_251' title='bbox 654 3091 761 3172; x_wconf 88' lang='lat' dir='ltr'><strong>cauda,</strong></span> <span class='ocrx_word' id='word_1_252' title='bbox 787 3092 877 3151; x_wconf 91' lang='lat' dir='ltr'><strong>tritus</strong></span> <span class='ocrx_word' id='word_1_253' title='bbox 899 3090 1014 3151; x_wconf 91' lang='lat' dir='ltr'><strong>utiliter</strong></span> <span class='ocrx_word' id='word_1_254' title='bbox 1036 3088 1112 3149; x_wconf 93' lang='lat' dir='ltr'><strong>bibi·</strong></span> 
     </span>
     <span class='ocr_line' id='line_1_34' title="bbox 94 3181 604 3259; baseline 0.004 -21"><span class='ocrx_word' id='word_1_255' title='bbox 94 3185 236 3239; x_wconf 89' lang='lat' dir='ltr'><strong>turcum</strong></span> <span class='ocrx_word' id='word_1_256' title='bbox 260 3181 327 3239; x_wconf 92' lang='lat' dir='ltr'><strong>vino</strong></span> <span class='ocrx_word' id='word_1_257' title='bbox 352 3197 368 3239; x_wconf 88' lang='lat' dir='ltr'><strong>a</strong></span> <span class='ocrx_word' id='word_1_258' title='bbox 391 3181 604 3259; x_wconf 81' lang='lat' dir='ltr'><strong>strangurioso.</strong></span> 
     </span>
    </p>
   </div>
   <div class='ocr_carea' id='block_1_3' title="bbox 95 3328 1113 3613">
    <p class='ocr_par' dir='ltr' id='par_1_12' title="bbox 95 3328 1113 3613">
     <span class='ocr_line' id='line_1_35' title="bbox 201 3328 1112 3402; baseline -0.004 -15"><span class='ocrx_word' id='word_1_259' title='bbox 201 3331 380 3387; x_wconf 85' lang='lat' dir='ltr'><strong>4conculee.</strong></span> <span class='ocrx_word' id='word_1_260' title='bbox 432 3337 465 3387; x_wconf 88' lang='lat'><strong>10</strong></span> <span class='ocrx_word' id='word_1_261' title='bbox 484 3331 692 3402; x_wconf 82' lang='lat' dir='ltr'><strong>stranguriosis.</strong></span> <span class='ocrx_word' id='word_1_262' title='bbox 751 3330 892 3388; x_wconf 76' lang='lat' dir='ltr'><strong>emendet</strong></span> <span class='ocrx_word' id='word_1_263' title='bbox 945 3328 1112 3398; x_wconf 68' lang='grc'><strong>117771177-</strong></span> 
     </span>
     <span class='ocr_line' id='line_1_36' title="bbox 95 3400 1113 3473; baseline -0.001 -17"><span class='ocrx_word' id='word_1_264' title='bbox 95 3404 186 3457; x_wconf 88' lang='lat' dir='ltr'><strong>lorum</strong></span> <span class='ocrx_word' id='word_1_265' title='bbox 203 3404 318 3473; x_wconf 79' lang='lat' dir='ltr'><strong>scripsf:</strong></span> <span class='ocrx_word' id='word_1_266' title='bbox 336 3401 519 3472; x_wconf 86' lang='lat' dir='ltr'><strong>peccllorum.</strong></span> <span class='ocrx_word' id='word_1_267' title='bbox 584 3409 617 3457; x_wconf 92' lang='grc'><strong>17</strong></span> <span class='ocrx_word' id='word_1_268' title='bbox 637 3402 781 3459; x_wconf 82' lang='grc'><strong>1777777771.</strong></span> <span class='ocrx_word' id='word_1_269' title='bbox 847 3408 880 3457; x_wconf 86' lang='grc'><strong>17</strong></span> <span class='ocrx_word' id='word_1_270' title='bbox 900 3400 1028 3472; x_wconf 84' lang='lat' dir='ltr'><strong>prosunt]</strong></span> <span class='ocrx_word' id='word_1_271' title='bbox 1048 3415 1113 3470; x_wconf 87' lang='lat' dir='ltr'><strong>pro-</strong></span> 
     </span>
     <span class='ocr_line' id='line_1_37' title="bbox 95 3474 1111 3545; baseline -0.001 -19"><span class='ocrx_word' id='word_1_272' title='bbox 95 3474 203 3530; x_wconf 84' lang='lat' dir='ltr'><strong>sternit.</strong></span> <span class='ocrx_word' id='word_1_273' title='bbox 312 3480 347 3529; x_wconf 83' lang='grc'><strong>73</strong></span> <span class='ocrx_word' id='word_1_274' title='bbox 367 3474 503 3543; x_wconf 82' lang='lat' dir='ltr'><strong>sumptos.</strong></span> <span class='ocrx_word' id='word_1_275' title='bbox 613 3480 648 3529; x_wconf 86' lang='grc'><strong>74</strong></span> <span class='ocrx_word' id='word_1_276' title='bbox 666 3476 793 3545; x_wconf 83' lang='lat' dir='ltr'><strong>praestet</strong></span> <span class='ocrx_word' id='word_1_277' title='bbox 810 3474 924 3543; x_wconf 81' lang='lat' dir='ltr'><strong>scripsi:</strong></span> <span class='ocrx_word' id='word_1_278' title='bbox 942 3474 1111 3543; x_wconf 81' lang='lat' dir='ltr'><strong>praesestat.</strong></span> 
     </span>
     <span class='ocr_line' id='line_1_38' title="bbox 96 3544 550 3613; baseline 0.004 -14"><span class='ocrx_word' id='word_1_279' title='bbox 96 3550 129 3599; x_wconf 84' lang='grc'><strong>78</strong></span> <span class='ocrx_word' id='word_1_280' title='bbox 148 3544 297 3602; x_wconf 84' lang='lat' dir='ltr'><strong>releuauis.</strong></span> <span class='ocrx_word' id='word_1_281' title='bbox 371 3551 404 3599; x_wconf 83' lang='grc'><strong>31</strong></span> <span class='ocrx_word' id='word_1_282' title='bbox 423 3544 550 3613; x_wconf 79' lang='lat' dir='ltr'><strong>lupellos.</strong></span> 
     </span>
    </p>
   </div>
   <div class='ocr_carea' id='block_1_4' title="bbox 0 0 1314 4017">
    <p class='ocr_par' dir='ltr' id='par_1_13' title="bbox 0 0 1314 4017">
     <span class='ocr_line' id='line_1_39' title="bbox 0 0 1314 4017; baseline 0 0"><span class='ocrx_word' id='word_1_283' title='bbox 0 0 1314 4017; x_wconf 95' lang='lat' dir='ltr'><strong> </strong></span> 
     </span>
    </p>
   </div>
  </div>
 </body>
</html>
