2609 4017
457 200 695 266 -221-

76 362 184 423 stineat.
226 361 364 423 Dolorem
389 363 488 423 cordis
510 363 588 425 levat
610 365 720 444 cymini
743 363 909 443 Aethiopici
933 378 1116 427 common-r

75 452 168 511 ducati
187 469 281 512 sucus
299 452 471 531 frequenter
490 454 693 514 transmissus.
718 452 883 513 Adversum
904 454 1002 513 cordis
1016 452 1117 532 pul-'8

75 558 134 600 sum
152 538 199 599 vel
216 539 351 601 dolorem
370 543 479 601 mirum
497 542 672 621 remedium,
692 542 770 620 quod
785 543 817 601 in
831 541 945 602 lamella
959 549 1082 620 stagnea
1172 570 1184 587 ·

74 628 193 688 scribes:
213 631 384 708 Καρυανκω
401 632 590 709 Καρνανκων
609 632 798 707 Καρυανκων
817 638 847 690 et
865 629 1081 710 phylacterium

50 715 104 776 ade
126 723 242 777 storace
269 717 483 797 subfumigabis
506 726 536 780 et
554 721 585 779 in
603 718 679 779 collo
699 737 735 779 ex
755 719 822 779 licio
842 718 1021 800 suspendes3
1041 722 1083 779 ita

72 806 209 885 proderit,
234 814 269 867 ut
293 814 421 885 stupeas.

152 892 197 954 ld
217 894 353 955 dolorem
372 896 614 973 praecordiorum
634 895 811 974 cataplasma
829 897 995 975 egregium:
1014 896 1083 957 Lini
1101 909 1117 958 9

72 983 187 1055 seminis
211 985 377 1044 sextarium
400 1002 502 1066 unum,
525 984 648 1045 feniculi
666 986 789 1045 seminis
808 986 972 1046 sextarium
990 1003 1083 1045 unum

72 1087 103 1128 ex
129 1089 205 1150 aqua
234 1072 331 1132 mulsa
359 1072 507 1152 decoques
535 1081 565 1134 et
592 1075 624 1133 in
651 1091 749 1152 panno
777 1072 872 1133 calido
898 1074 1083 1152 praecordiis

40 1176 60 1215 n
72 1160 184 1242 saepius
209 1159 383 1242 adplicabis‚
407 1163 481 1221 mire
503 1161 646 1241 proderit.

153 1246 299 1310 Cerotum
322 1248 405 1310 valde
429 1250 534 1310 efficax
551 1250 587 1310 ad
611 1250 711 1310 cordis
734 1249 879 1312 dolorem:
902 1250 994 1311 Cerae
1013 1250 1081 1311 seli-
1103 1263 1136 1312 ιο

70 1333 157 1416 brem,
179 1335 240 1397 olei
261 1340 377 1417 cyprini
395 1338 544 1419 selibram,
562 1338 692 1399 absinthi
711 1338 826 1400 Pontici
846 1337 993 1400 selibram.
1025 1339 1082 1400 lh-

71 1423 209 1485 sinthium
238 1426 362 1508 tundes,
392 1446 490 1488 ceram
520 1430 655 1488 remittes
684 1436 714 1488 et
741 1427 936 1507 permiscebis
963 1447 998 1489 ac
1027 1446 1083 1507 pro

71 1521 166 1573 ceroto
190 1516 297 1576 uteris

40 1617 60 1657 1⁵
153 1601 214 1672 Qui
237 1604 484 1683 praecordiorum
507 1604 613 1665 ardore
636 1612 795 1685 vexantur,
823 1606 850 1665 si
872 1606 961 1664 etiam
984 1602 1083 1664 febres
1104 1616 1135 1663 11

71 1696 97 1748 et
113 1689 280 1753 lumbricos
297 1692 434 1773 habeant,
452 1693 508 1754 hoc
528 1694 661 1754 remedio
680 1692 877 1754 sanabuntur:
901 1692 996 1752 Ovum
1016 1709 1083 1752 cru·

72 1776 136 1839 dum
155 1783 315 1841 summiter
334 1789 470 1860 apertum
489 1784 640 1843 exinanies
659 1782 750 1861 idque
764 1780 901 1861 implebis
916 1779 981 1840 oleo
996 1780 1084 1841 viridi

72 1872 98 1926 et
124 1866 273 1930 defundes
294 1877 333 1930 -et
360 1869 432 1931 lotio
456 1872 577 1950 virginis
605 1874 694 1950 pueri
704 1870 853 1949 ‘implebis
876 1877 907 1930 et
930 1869 1084 1950 defundes,

73 1959 130 2015 tum
153 1957 267 2019 adicies
290 1977 396 2038 parum
420 1958 515 2020 mellis
538 1967 569 2020 et
591 1962 621 2020 in
646 1978 739 2020 unum
761 1978 829 2020 cum
853 1960 900 2019 ovi
921 1960 1017 2037 ipsius
1039 1960 1083 2017 in·

40 2046 231 2108 asertoribus
255 2047 450 2126 permiscebis
474 2059 504 2108 et
526 2048 690 2128 potandum
713 2050 813 2109 ieiuno
838 2048 930 2109 dabis.
967 2046 1030 2107 Hoc
1054 2055 1085 2107 et

74 2138 184 2195 stercus
208 2137 445 2197 vetustissimum
465 2144 495 2197 et
512 2135 675 2198 lumbricos
694 2140 799 2198 noxios
817 2137 902 2216 pellit
920 2144 951 2197 et
968 2135 1084 2197 febrem

73 2224 273 2285 acutissimam
295 2224 415 2285 relevat.

155 2311 246 2374 Bulbi
274 2315 390 2374 excocti
418 2315 482 2375 triti
508 2313 586 2374 inliti
611 2322 760 2376 tumorem
782 2314 1026 2393 praecordiorum
1054 2321 1136 2374 et12

73 2404 180 2461 ventris
204 2401 369 2463 emolliunt.
403 2401 477 2463 Item
496 2403 643 2483 proficies,
668 2405 694 2463 si
712 2405 841 2463 ocimum
860 2404 980 2462 triveris
999 2410 1030 2462 et
1048 2420 1083 2461 eo

42 2491 244 2562 opraeeordia
276 2492 402 2569 spissius
433 2490 582 2551 inleveris.
628 2490 764 2551 Feniculi
795 2491 897 2551 farina·
918 2509 986 2550 cum
1018 2491 1085 2568 pari
1105 2503 1137 2552 13

75 2591 211 2639 mensura
230 2579 327 2639 mellis
346 2579 467 2639 decocta
487 2582 582 2640 ceroti
601 2579 688 2639 modo
712 2596 809 2658 panno
833 2578 970 2638 inlinitur
989 2585 1020 2637 et
1037 2595 1085 2637 ca·

74 2660 134 2725 lens
157 2670 270 2729 tumori
292 2668 535 2747 praecordiorum
559 2670 732 2747 imponitur.

157 2755 300 2835 Malagma
328 2756 365 2817 ad
392 2757 637 2836 praecordiorum
664 2756 832 2816 tensionem
860 2762 890 2814 et
915 2755 1028 2814 ventris
1050 2772 1085 2814 ac
1106 2766 1139 2815 14

76 2845 219 2905 stomachi
247 2845 388 2905 duritiem
416 2846 560 2905 diutinam
590 2863 659 2905 cum
686 2843 801 2924 dolore,
830 2842 909 2922 quod
937 2850 967 2903 et
993 2845 1087 2903 iecori

42 2936 104 2988 net
126 2930 198 2993 lieni
222 2933 352 3013 prodest,
375 2934 532 2995 conficitur
556 2936 611 2995 sic:
639 2933 732 2994 Cerae
755 2932 787 2993 P.
806 2932 827 3013 Ι,
853 2941 953 3011 guttae
977 2950 1085 2994 ammo·

77 3018 151 3080 niaci
173 3021 205 3083 P.
224 3020 250 3102 l,
273 3023 327 3081 iris
350 3020 483 3101 Illyricae
507 3020 647 3103 XXXH,
673 3023 852 3100 opopanacis
875 3020 981 3102 XXX,
1005 3024 1086 3083 anesi

77 3103 206 3189 XXXV,
229 3110 414 3189 faencgraeci
434 3113 556 3171 seminis
574 3110 600 3170 X
618 3109 706 3192 XXV,
729 3113 845 3171 resinae
869 3110 1087 3171 terebinthinae

76 3191 106 3255 P.
124 3196 160 3279 L,
189 3199 284 3279 adipis
312 3199 414 3259 suillae
443 3202 552 3260 veteris
574 3199 606 3261 P.
626 3200 662 3280 L,
692 3202 769 3260 aceti
792 3201 869 3260 acris
888 3197 919 3259 θ
939 3199 964 3278 1,
990 3199 1086 3259 mellis

76 3278 107 3342 P.
123 3284 159 3347 ΙΙ.
196 3286 254 3347 Mel
277 3306 345 3349 cum
369 3296 453 3349 aceto
476 3288 717 3367 permiscendum
740 3296 787 3349 est
809 3296 898 3367 atque
921 3286 982 3347 illic
1005 3287 1086 3347 arida

162 3498 178 3546 2
206 3493 388 3549 tranmissus
416 3495 467 3552 est.
576 3501 593 3549 4
617 3493 792 3549 filacterium.
901 3496 917 3548 8
944 3489 1086 3549 foeniculi.

79 3561 110 3613 33
129 3560 157 3619 P.
171 3562 205 3637 L]
224 3582 253 3635 p.
272 3562 334 3619 XL
354 3564 479 3621 Scribere.
552 3571 587 3621 st
605 3564 675 3637 mel]
694 3566 786 3620 melle.

1152 3785 1249 3901 Γ
