2609 4017
570 146 786 209 „60-

171 312 202 371 in
230 312 331 371 initiis,
368 309 501 388 Namque
530 308 652 388 prodest
679 308 736 368 hoc
764 325 886 389 genere,
915 308 994 388 quod
1022 327 1057 369 ex
1082 308 1186 370 eadem

171 402 294 460 materia
318 406 442 480 constat,
466 415 539 477 quae
565 398 674 458 nullam
698 397 913 475 aspritudinem
933 397 1031 477 habet,
1055 398 1185 476 qnando·
1279 399 1283 412 '

172 489 290 568 quidem
311 489 489 566 conponitur
508 506 543 547 ex
564 489 644 547 croci
666 484 742 566 XV,
767 486 944 546 sarcocollae
964 485 990 546 X
1007 486 1047 565 X,
1071 486 1186 565 glaucei

172 580 236 639 suci
260 576 285 637 X
305 575 372 656 XX,
400 576 584 654 tragacanthi
607 574 632 635 X
652 574 675 631 V
699 582 728 635 et
752 577 801 652 opi
820 574 845 634 X
863 573 895 635 V.
941 574 1004 635 Hoc
1028 577 1106 635 enim
1130 594 1185 653 ego

171 666 266 727 adicio
295 674 325 726 et
352 667 393 725 ita
415 664 522 725 melius
545 664 714 743 respondet.
761 664 818 724 Sed
843 666 943 742 opium
967 672 997 725 et
1019 665 1051 724 iu
1075 664 1132 724 hoc
1155 672 1211 724 ets
1294 681 1296 753 ,

171 758 201 815 in
221 757 302 815 omni
321 754 441 835 collyrio
461 754 736 832 medicamentoque
751 772 854 813 venitm
869 753 945 830 adici
960 761 1087 834 oportet,
1106 753 1185 832 quod
1290 760 1296 778 ¹

172 862 206 904 ex
231 843 305 904 lacte
329 846 394 923 ipso
417 846 571 922 papaueris
595 842 720 904 silvatici
744 844 874 921 capitum
898 843 943 923 fit,
967 860 1026 901 non
1050 861 1086 901 ex
1113 860 1186 902 snco

171 932 309 993 loliorum
333 935 411 1013 eires,
435 941 469 992 ut
487 935 640 993 institores
665 931 789 992 huiusce
815 934 859 991 rei
883 930 1041 1009 conpendii
1060 938 1092 991 et
1109 930 1187 991 lucri

172 1040 259 1082 causa
287 1022 412 1102 faciunt3
441 1020 513 1082 illud
542 1024 622 1082 enim
648 1038 716 1082 cum
740 1038 845 1099 magno
868 1018 969 1080 labore
993 1027 1023 1079 et
1046 1021 1185 1098 exiguum

172 1111 337 1191 conficitur,
363 1110 420 1171 hoc
444 1112 507 1171 sinc
531 1110 666 1172 molestia
690 1118 720 1169 ot
742 1107 936 1170 abundanter.
974 1107 1094 1169 Teritur
1117 1116 1185 1168 ante
1200 1123 1226 1163 ro

172 1202 269 1259 omnia
294 1218 428 1280 crocum,
452 1218 527 1278 aqua
551 1198 671 1278 pluviali
694 1198 825 1258 inlusum
849 1199 993 1258 macerari
1016 1196 1114 1279 debet,
1137 1197 1187 1258 de·

171 1288 240 1349 inde
265 1288 409 1349 adiciatur
432 1288 493 1348 illic
516 1288 690 1367 sarcocolla,
713 1286 876 1367 glauciam,
899 1289 1009 1366 opium,
1035 1295 1186 1365 tragacan-

171 1376 264 1437 thum.
311 1377 399 1437 Prius
423 1382 502 1436 enim
530 1379 628 1437 omnia
657 1394 791 1436 seorsum
815 1378 959 1436 macerari
982 1382 1101 1453 oportet
1126 1393 1186 1435 non

172 1465 263 1526 multa
287 1467 351 1526 eius
375 1467 493 1544 generis
517 1484 601 1545 aqua,
624 1465 654 1525 id
675 1464 921 1546 estplnviali,ut
941 1466 1186 1544 quamprimum,

170 1554 201 1614 id
225 1562 271 1616 est
294 1557 319 1615 si
342 1556 407 1615 fieri
431 1555 542 1633 poterit
565 1554 670 1615 eodem
689 1554 751 1635 die,
780 1554 930 1631 fingantur
949 1552 1082 1633 collyria,
1111 1552 1186 1613 solet
1201 1568 1227 1607 rs

171 1646 250 1704 enim
264 1644 322 1705 hoc
337 1644 387 1704 diu
407 1644 575 1722 neglectum
596 1645 737 1704 mortario
756 1644 935 1703 inacescore.
971 1640 1025 1701 llis
1040 1642 1102 1702 lere
1118 1651 1187 1702 utor

170 1735 276 1811 primis
300 1731 405 1793 diebus
427 1732 565 1814 collyriis,
589 1750 649 1793 nou
668 1734 732 1792 sinc
752 1733 860 1791 ceteris
884 1730 1010 1810 auxiliis,
1029 1738 1120 1809 prout
1138 1748 1187 1791 res

170 1821 313 1903 postulat,
342 1821 520 1882 abstinentia
548 1820 613 1881 dico
643 1829 673 1881 et
702 1821 855 1899 sanguinis
878 1820 1075 1900 detractione,
1104 1819 1187 1879 meli·

135 1918 267 1987 tusquc
296 1928 330 1969 ea
358 1912 466 1970 ceteris
494 1902 639 1988 proficere
668 1909 800 1969 adfirmo.
846 1908 920 1969 Cum
948 1927 1018 1968 vero
1049 1908 1188 1987 pluribus

172 1999 239 2076 quis
254 1996 360 2058 diebus
373 2005 496 2058 vexatus
516 1997 606 2057 luerit
625 1997 768 2076 epiphora
787 2006 817 2058 et
835 1999 1055 2077 perseverantia
1073 1999 1188 2058 umoris
1201 2014 1228 2052 ro

172 2094 260 2164 atque
283 2087 390 2164 pituita
414 2088 479 2165 ipso
503 2086 600 2146 calore
625 2086 779 2147 oculorum
803 2086 979 2165 glutinosior
1003 2088 1064 2146 visa
1086 2086 1187 2165 fuerit,

172 2174 250 2253 quod
275 2175 337 2234 lere
361 2186 445 2235 sexto
469 2177 631 2253 septimove
657 2175 704 2235 die
729 2175 864 2236 accidere
888 2175 977 2255 solet,
1003 2183 1075 2235 tnnc
1099 2175 1187 2254 prod-

172 2270 260 2324 erunt
282 2273 311 2324 ct
330 2281 364 2323 ea
384 2263 513 2345 collyria,
538 2283 665 2343 quorum
684 2282 779 2343 genus
799 2267 937 2344 superius
955 2263 1188 2345 inprobavimus,

172 2353 325 2429 conposita
349 2370 383 2413 ex
408 2352 497 2413 rebus
521 2352 689 2434 metallicis,
713 2352 828 2413 facilius
852 2354 931 2413 enim
952 2360 1016 2413 tum
1035 2354 1189 2431 patientur

113 2471 119 2485 -
172 2440 264 2520 oculi,
288 2444 313 2501 si
336 2441 423 2501 modo
447 2441 610 2503 exulcerati
633 2460 693 2502 non
716 2442 841 2521 luerint,
866 2444 1013 2502 iniuriam.
1053 2439 1188 2512 Quorum
1202 2457 1229 2496 25

171 2532 330 2609 praecipue
354 2530 410 2590 hoo
434 2530 508 2591 mihi
530 2531 639 2611 placet,
664 2531 743 2610 quod
768 2549 783 2591 a
807 2530 905 2590 colore
929 2529 1042 2609 phaeon
1068 2530 1187 2591 dicitnr.

171 2618 287 2698 Accipit
305 2628 404 2680 autem
423 2619 510 2680 haec:
529 2619 615 2679 Aeris
629 2622 690 2680 usti
704 2619 730 2679 X
745 2618 811 2700 Xll,
835 2618 966 2678 cadmiae
981 2627 1065 2679 ustae
1086 2617 1188 2700 XXll,

171 2708 253 2768 stibii
281 2710 359 2768 cocti
382 2706 478 2788 XVI,
506 2709 622 2769 acaciae
650 2707 831 2787 chylismatis
856 2707 882 2767 X
901 2706 951 2788 Vl,
979 2710 1062 2767 croci
1079 2706 1105 2767 X
1124 2707 1188 2787 llll,

171 2796 250 2856 aloes
274 2795 300 2854 X
319 2796 373 2876 lll,
401 2798 451 2874 opi
469 2795 495 2855 X
513 2795 554 2877 ll,
582 2799 710 2857 castorei
733 2798 880 2857 victoriati
904 2796 1034 2877 pondus,
1058 2814 1187 2875 murrae,

171 2884 240 2963 lycii
261 2883 340 2943 idem
364 2883 513 2964 ponderis,
536 2888 663 2962 gummis
683 2883 708 2944 X
727 2883 826 2945 XVlll.
863 2884 946 2963 Aqua
969 2884 1090 2963 pluviali
1110 2901 1227 2963 quaeso

172 2980 242 3033 sunt
274 2971 348 3031 dtrra
380 2980 568 3033 macerantur
600 2982 629 3033 et
660 2973 711 3033 din
739 2982 891 3053 teruntur,
915 2973 1009 3033 donec
1037 2973 1185 3034 levissima

171 3061 251 3141 daut,
271 3068 373 3138 postea
392 3068 490 3121 cetera
511 3060 567 3122 alio
586 3064 728 3123 mortario
748 3062 863 3141 singula
882 3064 951 3123 trita
971 3063 1187 3143 admiscentur;
1294 3115 1296 3118 .

172 3168 240 3210 cum
273 3148 436 3209 tollendum
468 3158 527 3232 est,
560 3151 590 3212 id
623 3161 670 3212 est
700 3170 767 3213 cum
796 3159 866 3212 sunt
893 3152 1029 3230 lingenda
1057 3152 1186 3232 collyria,

172 3256 311 3318 gummen
339 3238 475 3299 adicitur.
521 3238 584 3302 Hoc
613 3241 732 3319 quidam
762 3242 849 3301 etiam
877 3242 907 3300 in
936 3242 1030 3302 initiis
1058 3247 1186 3303 utuntur

242 3376 409 3429 impietae.
465 3376 684 3445 aspretudlnem.
739 3375 963 3431 ddracacanthi.
1027 3383 1059 3430 21
1081 3375 1186 3446 pituita

171 3448 360 3571 {palraperfflss
443 3445 631 3516 gluttinosior.
714 3453 747 3501 27
768 3446 896 3565 accipiet.
970 3453 1008 3519 28Ι
1023 3447 1184 3517 cylismalis.
