2609 4017
480 212 630 277 -209
681 248 720 258 -

87 374 192 434 viridis
212 373 422 435 manducatum
441 377 535 455 iuvat,
559 392 626 435 nam
649 383 681 436 et
699 392 836 434 somnum
855 373 994 434 conciliat
1012 382 1043 435 et
1060 375 1105 435 di-

88 466 257 542 gestionem
279 471 371 541 parat.

179 550 353 629 Conpositio
374 552 579 612 medicaminis
600 550 741 631 subiragi,
764 551 844 631 quod
867 552 938 612 iacit
961 551 997 612 ad
1020 551 1159 630 diga-101

90 643 219 700 ationem
248 648 278 700 et
305 642 375 701 vitia
403 639 548 701 stomachi
580 641 641 700 sive
674 640 846 721 aqualiculi,
878 642 987 720 accipit
1018 639 1106 701 haec:

63 727 265 795 5Petrosiliui
282 728 465 790 Macedonici
483 762 518 772 -
536 727 572 809 ll,
590 730 649 809 apii
668 730 791 789 seminis
807 760 846 772 -
862 728 883 809 l,
903 728 1002 789 siselei
1018 760 1057 772 -
1073 727 1106 807 V,

20 884 23 895 ,
90 818 205 897 piperis
230 816 324 897 -V,
346 824 470 897 nepetae
494 825 650 878 montanae
677 815 804 894 -llll,
828 817 908 897 pulei
930 820 1003 878 sicci
1026 817 1106 897 quod

90 908 121 966 in
145 906 230 966 fumo
253 924 313 967 non
336 906 426 967 luerit
453 904 578 986 -llll,
601 905 695 985 thymi
719 908 797 979 sicci⁴
815 908 1011 986 semunciam,
1035 905 1106 986 liby-

92 996 161 1055 stici
184 996 273 1055 ctiam
297 996 419 1056 seminis
445 994 539 1074 -ll,
562 994 662 1055 inulae
685 994 795 1055 radicis
818 1002 922 1056 tunsae
941 1003 1031 1073 atque
1050 996 1106 1055 cri·

91 1082 196 1143 bratae
219 1086 411 1165 semunciam,
433 1083 593 1162 zingiberis
612 1085 803 1144 semunciam.
839 1082 884 1143 Ex
902 1082 950 1143 his
967 1083 1107 1143 omnihus

51 1199 79 1237 ro
92 1174 191 1232 tunsis
211 1180 299 1251 atque
319 1172 458 1233 cribratis
475 1171 629 1251 pulverem
649 1172 855 1233 mollissimum
875 1172 975 1252 iacies,
997 1171 1108 1233 adicies

92 1260 202 1321 deiude
231 1260 325 1321 mellis
353 1262 459 1341 optimi
487 1260 654 1340 despumati
682 1267 826 1340 quantum
848 1262 1000 1340 putaveris
1029 1261 1109 1321 mitti

92 1357 243 1429 oportere,
262 1349 292 1409 id
312 1358 358 1410 est
377 1357 409 1411 ut
429 1367 522 1428 prope
539 1348 669 1427 liquidae
683 1368 717 1410 ac
733 1357 913 1429 temperatae
927 1348 1028 1428 colligi
1040 1367 1108 1428 pos·

93 1440 154 1498 sint
178 1439 295 1517 species
318 1457 409 1518 supra
430 1440 572 1517 scriptae,
596 1440 688 1499 etsie
707 1438 902 1499 recondesiu
921 1456 990 1499 vaso
1014 1440 1108 1498 vitreo

93 1534 214 1588 etcum
236 1525 365 1588 volueris
388 1529 516 1606 ieiunus,
540 1520 608 1587 cum
627 1534 727 1587 tamen
750 1533 779 1587 te
801 1527 950 1606 digestum
969 1526 1110 1605 senseris,

53 1640 78 1680 ra
93 1616 212 1695 singula
236 1616 380 1677 coclearia
407 1634 466 1675 non
492 1614 663 1693 plenissima
687 1616 843 1675 matutinis
866 1614 949 1674 horis
972 1614 1109 1692 accipies.

186 1703 338 1765 Confectio
362 1704 555 1785 epithematii,
579 1703 659 1783 quod
683 1702 827 1763 stomachi
850 1709 983 1762 vetustas
1001 1711 1164 1762 causas102

93 1793 235 1855 emendat
257 1801 287 1853 et
306 1793 343 1853 ad
362 1793 558 1872 digestionem
577 1792 742 1871 confirmat,
765 1792 873 1871 accipit
891 1789 977 1851 haec:
1001 1789 1111 1850 Serum

93 1884 261 1964 taurinum,
285 1900 397 1961 ceram,
419 1880 579 1943 medullam
602 1882 766 1959 cervinam,
789 1880 947 1957 axungiam
969 1886 1112 1958 veterem,

94 1973 227 2032 resinam
249 1970 490 2051 terebinthinam,
512 1970 620 2030 horum
639 1969 772 2047 pondera
796 1968 912 2047 singula
930 1967 1063 2047 aequalia
1081 1975 1113 2027 et

54 2084 80 2123 so
95 2059 194 2119 melhs
209 2092 251 2103 —
266 2058 315 2140 lll,
335 2060 465 2120 masticis
483 2090 520 2101 -
537 2057 577 2117 lll
596 2057 686 2118 simul
704 2058 858 2138 miscebis3
878 2076 954 2136 quae
973 2056 1112 2136 liquanda

95 2149 220 2229 luerint,
237 2147 365 2227 liquahis
382 2149 445 2227 igni
464 2154 494 2209 et
513 2165 588 2225 quae
607 2146 768 2227 tundenda,
786 2150 817 2207 iu
833 2145 987 2226 pulverem
1000 2147 1113 2206 tenuis·

97 2238 207 2298 simum
236 2237 355 2315 rediges
382 2244 411 2297 ct
439 2236 607 2323 conlectum
631 2235 815 2296 medicamen
837 2235 930 2296 linteo
953 2235 1045 2295 denso
1069 2235 1113 2293 iu·

97 2325 191 2386 duces
219 2333 249 2386 et
276 2324 429 2386 stomacho
458 2323 504 2385 vel
531 2323 697 2385 visceribus
727 2324 873 2402 adpones,
906 2322 985 2402 quod
1013 2329 1113 2383 tamen

97 2422 168 2476 ante
190 2422 375 2475 momentum
397 2414 514 2492 prandii
537 2411 655 2473 detrahi
677 2414 824 2473 convenit.

56 2526 82 2566 25
188 2503 276 2564 Aliud
295 2502 529 2581 epithematium,
547 2501 627 2580 quod
646 2500 682 2560 ad
702 2500 820 2560 easdem
840 2497 985 2558 stomachi
1003 2507 1167 2559 caucasios

99 2592 261 2653 efficaciter
284 2591 416 2672 prodest,
439 2593 496 2652 sic:
520 2588 651 2650 Storacis
675 2621 718 2632 —
737 2586 772 2669 ll,
796 2586 933 2647 aloes-
956 2584 991 2665 ll,
1014 2591 1113 2662 petro-

99 2680 181 2741 silini
204 2714 246 2723 -
265 2680 290 2761 l,
315 2697 400 2740 cerae
423 2678 455 2740 P.
474 2678 495 2758 l,
522 2678 608 2739 nardi
631 2676 662 2737 P.
681 2675 703 2755 l,
726 2676 858 2736 masticis
880 2704 918 2716 -
938 2672 974 2754 ll,
997 2674 1115 2732 resinae

99 2770 205 2831 frictae
233 2769 264 2830 P.
284 2768 297 2828 l
317 2768 350 2849 S,
378 2770 493 2829 resinae
522 2765 742 2827 terebinthinae
769 2797 808 2807 —
832 2763 872 2843 ¹¹3
901 2780 976 2842 quae
1004 2759 1116 2839 liquida

100 2866 191 2919 eruut
209 2867 240 2919 et
259 2875 334 2936 quae
350 2856 501 2918 tundenda
518 2854 654 2915 similiter
668 2861 702 2915 ut
718 2852 943 2931 suprascriptis
958 2848 1116 2929 speciebus

58 2968 85 3008 co
100 2947 193 3008 iacies
208 2955 239 3008 et
253 2944 390 3019 similiter
405 2945 588 3006 medicamen
602 2961 699 3022 usque
713 2942 750 3002 ad
764 2942 868 3002 horam
882 2940 999 3020 prandii
1013 2940 1117 3000 uteris.

190 3035 265 3097 ltem
280 3034 359 3095 aliud
374 3034 607 3113 epithematium,
622 3031 702 3111 quod
716 3038 797 3092 arete
813 3030 932 3109 dicitur,
947 3029 1026 3109 quod
1041 3028 1112 3088 lacit
1118 3036 1172 3087 104

100 3125 138 3185 ad
157 3132 290 3185 vetustas
309 3141 413 3184 causas
432 3121 586 3202 stomachi,
604 3121 714 3199 accipit
731 3120 817 3181 haec:
838 3118 1023 3179 Cardamomi
1037 3148 1082 3159 -
1095 3115 1117 3195 l,

100 3213 195 3274 libani
218 3246 261 3256 -
279 3212 305 3293 l,
329 3229 414 3271 cerae
441 3242 479 3254 —
501 3208 551 3290 Vl,
574 3211 691 3270 resinae
717 3206 843 3289 -llll,
870 3208 995 3267 storacis
1022 3201 1118 3282 -ll,

103 3302 163 3363 olei
186 3303 302 3382 cyprini
321 3332 363 3342 —
383 3299 405 3381 l,
428 3300 489 3359 viui
510 3299 621 3359 veteris
643 3297 802 3358 heminam.
840 3294 1065 3356 Cardamomum
1089 3297 1120 3350 et

193 3435 351 3491 bseseleos
371 3435 531 3491 Carnarius.
587 3432 713 3489 llhimi.
767 3429 891 3485 libistici.
952 3432 985 3481 12
1004 3424 1119 3494 liquide.

101 3510 359 3635 pipppepuwtnp.3315
378 3506 507 3560 cocleari.
564 3504 692 3572 acquod
711 3499 851 3557 abomachi
868 3514 920 3555 otu.
979 3502 1014 3552 26
1033 3498 1122 3551 stora-

166 3621 173 3647 ,
314 3620 320 3632 .

158 3678 320 3730 Menexenus,
333 3686 374 3718 ru.
386 3676 543 3716 Harmatos.
929 3661 961 3710 14

1177 3742 1264 3909 Γ
