2609 4017
487 187 726 252 -185-

186 347 318 428 Spongia
340 367 414 410 nova
437 368 504 410 cum
529 368 604 428 aqua
628 350 705 410 salsa
728 349 821 411 calida
844 351 962 428 saepius
981 352 1109 430 inposita
1130 361 1163 411 4⁷

101 437 322 516 suggillationes
348 438 517 518 livoresque
544 438 682 517 detergit.
721 438 823 500 Fimus
851 438 956 499 suillus
980 440 1011 499 in
1036 447 1111 501 testa
1130 449 1164 499 48

101 525 244 587 arefactus
265 536 296 589 et
314 528 403 588 tritus
423 535 453 588 et
471 545 540 588 cum
555 527 619 588 oleo
634 529 792 607 impositus
808 529 882 588 mire
897 535 981 588 sanat
994 527 1112 588 livores.

100 614 202 691 Apium
226 617 323 677 viride
347 615 497 678 subtiliter
519 618 624 677 tritum
647 635 717 677 oum
740 617 787 677 ovi
811 615 877 676 albo
900 615 1018 677 inlitum
1041 616 1111 677 livo-
1129 627 1163 676 49

79 701 179 763 avibus
198 705 333 782 prodest.
365 704 457 765 Malva
476 708 605 766 erratice
623 707 694 766 trita
713 712 743 765 et
762 703 854 766 calida
873 723 971 784 panno
990 705 1110 766 inducta
1130 715 1164 765 5ο

101 800 128 850 et
149 791 212 852 oleo
236 802 384 872 peruncta
413 801 443 854 et
471 796 514 855 sic
542 793 676 873 adposita
702 792 875 876 recentibus
899 793 1111 873 suggillationi-

100 877 152 939 bus
170 899 205 940 ac
224 882 396 943 tumoribus
415 891 446 943 et
463 882 669 944 vexationibus
688 900 849 943 nervorum
867 881 951 942 valde
965 882 1111 944 medetur.

184 969 227 1030 Ad
252 971 391 1050 pustulas
414 971 572 1050 papulasve
600 972 636 1031 de
661 971 736 1033 laoie
759 969 904 1031 tollendas
928 971 1110 1033 medicamen
1130 978 1164 1028 51

100 1073 249 1135 conpones
274 1063 332 1121 sic:
364 1058 509 1139 Sagapeni
531 1092 577 1102 -
595 1059 634 1141 ΙΙ,
663 1058 762 1120 scobis
786 1058 916 1120 eburnas
939 1059 1113 1121 delicatissi-

68 1159 161 1205 1omae
186 1179 225 1190 -
247 1146 341 1229 Vllll,
364 1166 480 1229 myrrae
505 1182 544 1192 -
566 1148 646 1230 118,
670 1148 835 1229 aphronitri
859 1147 946 1208 -ll
966 1147 995 1227 S,
1018 1155 1112 1228 traga-

101 1234 197 1294 canthi
221 1269 263 1278 -
285 1236 336 1318 Vl;
363 1246 451 1298 tunsa
475 1237 549 1298 baec
572 1245 603 1298 et
626 1238 755 1299 cribrata
779 1255 847 1299 cum
871 1235 957 1298 melle
980 1236 1113 1317 liquidis·

102 1322 171 1382 simo
189 1331 222 1385 et
240 1325 454 1387 candidissimo
469 1334 618 1402 teruntur,
636 1329 678 1388 ita
694 1334 729 1388 ut
743 1325 971 1388 crassitudinem
986 1325 1114 1388 babeant

101 1411 191 1472 mellis
215 1412 380 1495 densioris3
407 1433 442 1476 ex
469 1433 505 1475 eo
528 1417 559 1476 in
582 1415 688 1476 balneo
711 1415 757 1476 vel
781 1423 849 1476 ante
871 1415 975 1476 boram
998 1414 1114 1476 lavandi

103 1498 188 1561 iacies
210 1501 373 1583 diligenter
395 1503 532 1565 inlinitur
554 1512 584 1565 et
608 1513 676 1584 post
698 1503 838 1565 balneum
862 1503 982 1565 eluitur.

70 1599 91 1639 ¹⁵
184 1588 225 1651 Ut
253 1593 379 1653 livorem
407 1593 444 1652 de
472 1593 547 1654 lacie
574 1592 673 1673 tollas,
702 1591 862 1671 gladiolum
886 1590 1009 1652 herbam
1032 1592 1113 1671 palu·
1133 1598 1167 1647 52

103 1683 187 1738 strom
216 1681 366 1742 arundine
396 1687 447 1742 aut
477 1699 543 1742 osse
577 1688 664 1742 acuto
697 1680 841 1742 radicitus
873 1679 980 1740 avelles
1012 1678 1112 1740 obser-

103 1783 168 1826 vans
190 1786 328 1849 prorsus,
351 1787 389 1829 ne
413 1769 493 1830 lerro
517 1788 580 1831 eam
605 1771 773 1849 contingas3
796 1768 886 1828 huius
910 1766 1025 1829 radices
1047 1776 1114 1829 tun·

103 1869 148 1913 sae
174 1867 205 1916 et
235 1857 378 1919 subactae
406 1868 496 1938 atquc
525 1857 680 1937 emplastri
709 1875 792 1918 more
825 1856 975 1936 adpositae
1006 1856 1114 1918 livores

104 1949 237 2018 potenter
262 1947 428 2008 emendant.
467 1946 594 2028 Radius,
618 1965 694 2027 quae
717 1947 922 2026 manducatur,
945 1945 976 2005 id
1000 1954 1046 2007 est
1069 1964 1114 2008 ra·
1133 1953 1167 2002 53

71 2029 172 2112 arani,
200 2043 306 2096 cortex
329 2038 418 2121 tritus
442 2035 599 2114 diligenter
627 2044 749 2096 etcum
774 2034 858 2095 melle
882 2035 1047 2114 permixtus
1070 2037 1113 2095 in·

105 2116 229 2201 litusque
246 2123 468 2203 suggillationes
483 2132 572 2204 atquo
586 2123 704 2205 livores,
724 2126 775 2204 qui
791 2142 826 2184 ex
841 2123 950 2186 ictibus
965 2127 1114 2206 eveniunt,

105 2206 238 2272 celeriter
258 2212 417 2292 absterget.
449 2212 610 2291 Origanum
630 2213 667 2273 ad
687 2231 831 2274 summam
846 2212 995 2274 levitatem
1009 2215 1114 2274 tritum
1133 2219 1167 2268 54

106 2294 282 2362 inlinteolo
312 2300 369 2361 udo
397 2301 565 2381 adpositum
595 2301 704 2363 livores
731 2301 768 2362 dc
800 2319 860 2381 quo
887 2300 1018 2362 volneris
1050 2301 1114 2362 loco

107 2388 200 2448 statim
223 2388 316 2470 tollit3
339 2392 495 2451 mentastri
518 2409 637 2470 quoque
659 2390 727 2450 lolia
746 2392 816 2451 trita
835 2397 865 2450 et
884 2391 1018 2468 adposita
1036 2391 1114 2451 idem

75 2482 97 2523 ²⁵
107 2485 263 2549 praestant.
302 2477 420 2538 Nitrum
445 2497 482 2538 ex
504 2478 591 2539 melle
615 2486 646 2539 ct
668 2479 743 2539 lacte
766 2477 879 2539 bubulo
902 2481 1006 2539 tritum
1026 2487 1114 2558 atque
1133 2483 1167 2534 55

107 2567 282 2637 permixtum
302 2567 529 2647 adpositumque
547 2567 699 2628 ulceribus
720 2569 751 2626 in
770 2567 844 2627 lacie
863 2568 941 2626 natis
960 2573 1011 2626 aut
1029 2567 1115 2627 lactis

108 2650 246 2717 citissime
269 2655 420 2737 medetur3
447 2658 546 2735 ipsum
570 2657 658 2716 etiam
682 2656 794 2715 nitrum
819 2671 887 2715 cum
910 2653 1031 2733 pulvere
1055 2657 1116 2734 opii

108 2746 136 2798 et
153 2759 224 2805 suco
244 2743 377 2823 thapsiae
396 2747 500 2806 tritum
519 2744 746 2824 adpositumque
763 2743 870 2804 livores
886 2745 985 2804 statim
1005 2745 1114 2803 eximit.

108 2824 215 2893 Caseus
237 2836 378 2912 caprinus
397 2832 503 2914 mollis,
526 2833 557 2894 id
580 2841 625 2894 ost
643 2850 759 2914 recens,
782 2851 850 2892 oum
868 2830 955 2892 melle
974 2830 1115 2893 subactus
1134 2838 1168 2890 56

77 2914 320 3001 uimpositnsque
348 2932 378 2982 et
405 2940 503 3001 panno
531 2922 661 3000 desuper
688 2929 786 2983 tectus
815 2929 866 2982 aut
893 2921 984 2982 linteo
1007 2921 1115 3002 suggil-

109 3000 228 3071 lationes
251 3009 420 3091 livoresque
443 3011 582 3072 celeriter
604 3010 763 3090 absterget.
804 3009 885 3092 Mali,
912 3011 942 3072 id
967 3019 1013 3072 est
1036 3013 1116 3091 pomi
1134 3016 1168 3066 57

111 3097 183 3170 quod
207 3098 412 3180 manducatur,
434 3098 481 3160 vel
504 3101 592 3160 etiam
615 3097 721 3160 Punici
746 3101 861 3161 corium
884 3110 1042 3161 contusum
1066 3099 1115 3160 ad·

111 3184 195 3247 mixta
217 3187 334 3266 polenta
354 3190 525 3267 impositum
545 3196 575 3248 et
593 3188 701 3248 livores
720 3187 818 3249 abolet
836 3197 866 3249 et
884 3188 1002 3248 dolores
1023 3187 1115 3248 sedat.

111 3265 195 3336 Lauri
218 3274 359 3337 bacarum
382 3279 566 3355 quartarium
588 3295 695 3357 tinum,
719 3276 900 3357 myrobalani
924 3276 1116 3356 semunciam,
1135 3279 1168 3330 58

79 3356 292 3443 ulaenograeci
319 3364 481 3446 heminam,
510 3364 630 3445 serpylli
649 3357 717 3426 'non
745 3365 883 3444 multum3
915 3365 1012 3425 tunsis
1041 3381 1116 3442 quae

111 3451 191 3512 tundi
224 3462 343 3532 oportet
374 3461 463 3533 atquo
491 3452 630 3515 omnibus
658 3457 688 3514 in
715 3471 808 3514 unvvm
838 3453 993 3532 permixtis
1024 3453 1115 3513 medi—

113 3551 208 3601 camen
237 3540 309 3603 utile
337 3541 490 3604 abolendis
516 3541 660 3603 livoribus
688 3543 792 3622 iacies,
821 3559 879 3620 quo
905 3541 1114 3620 pertriduum

1150 3757 1269 3980 Ε
