2609 4017
571 131 765 194 -6-

159 313 235 376 quae
250 303 365 375 septem
383 294 429 355 vel
446 292 592 373 plusculis
606 291 714 353 diebus
728 302 905 356 maceratur.
927 294 970 355 lle
985 314 1045 374 quo
1057 296 1173 375 liquore

158 384 349 466 postmodum
377 385 522 461 coagitato
551 390 639 463 atque
668 382 763 443 colato
793 384 894 463 tepido
923 384 1059 445 heminae
1088 385 1173 446 dimi·

159 475 242 536 dium
266 481 317 535 aut
340 472 512 551 ampliorem
537 472 658 533 modum
677 474 857 551 gargarizari
875 481 994 552 oportet
1012 474 1060 535 die
1079 473 1173 535 calido

159 564 205 624 vel
229 580 345 644 sereno,
368 564 409 623 ita
431 570 465 623 ut
488 563 661 640 resupinato
685 580 737 622 ore
761 562 897 623 lancibus
918 562 1016 641 liquor
1035 562 1085 623 ille
1105 582 1174 624 con-

158 655 290 713 tineatur
317 650 532 731 aliquantulum
560 658 590 711 et
618 653 747 730 agitetur
775 651 886 712 alterna
909 653 975 712 vice
997 651 1088 731 idque
1111 669 1201 713 sae-5

158 744 226 821 pius
254 742 318 822 fiat,
347 740 442 801 donec
468 740 606 801 heminae
633 740 789 801 dimidium
820 748 1013 801 consumatur
1036 740 1082 802 rel
1105 760 1176 803 cum

157 830 296 909 flegmate
313 831 487 908 proiciatur.
512 829 570 890 Sed
588 829 662 890 haec
680 830 781 890 ieiuno
800 829 967 891 adhibenda
985 832 1100 891 curatio
1119 839 1174 908 est,

158 938 216 999 qua
239 918 320 980 nulla
340 920 430 999 capiti
448 918 542 980 levior
560 926 612 979 aut
630 918 815 979 commodior
832 921 1009 998 reperietur.
1046 918 1109 979 Hoc
1127 938 1173 979 re·

158 1009 289 1070 medium
318 1010 371 1088 qui
398 1008 563 1087 neglexerit
590 1015 621 1067 et
643 1007 763 1068 indiciis
786 1026 875 1087 supra
899 1010 1020 1087 scriptis
1043 1026 1102 1068 non
1125 1026 1174 1068 oc-

158 1100 297 1179 currerit,
321 1115 444 1158 necesse
467 1106 514 1158 est
536 1098 646 1158 sentiat
668 1104 720 1157 aut
741 1096 896 1157 oculorum
914 1098 985 1157 vitia
1003 1104 1055 1157 aut
1072 1095 1173 1157 ulcera
1188 1116 1214 1153 ιο

157 1190 239 1250 intus
262 1186 386 1248 auribus
409 1188 596 1266 erumpentia
618 1194 670 1247 aut
689 1194 818 1246 strumas
836 1188 868 1246 in
887 1186 1016 1246 confinio
1035 1184 1103 1247 colli
1122 1195 1174 1246 aut

157 1276 262 1355 pulsus
285 1275 405 1337 cerebri
426 1285 479 1337 aut
502 1277 726 1337 suffocationem
744 1282 796 1335 aut
815 1276 895 1336 circa
912 1281 1017 1353 guttur
1035 1276 1173 1353 anginam

158 1372 209 1425 ant
228 1384 301 1426 uvae
321 1364 559 1439 destillationem,
578 1363 733 1441 glandulas
751 1382 871 1444 quoque
885 1366 1016 1443 patietur
1030 1374 1060 1424 et
1074 1362 1173 1424 tabem

157 1454 315 1516 fluentium
335 1452 509 1532 capillorum
529 1460 560 1514 et
577 1452 680 1514 ulcera
697 1471 752 1531 per
773 1461 863 1531 capnt
881 1453 1103 1513 effervescentia
1121 1452 1173 1512 do·

122 1542 311 1623 eloremque
335 1542 469 1604 dentium
492 1542 683 1605 creberrime.
708 1541 794 1613 Quod
817 1544 843 1602 si
865 1560 883 1602 a
905 1549 1027 1619 pectore
1048 1540 1173 1602 morbus
1188 1557 1215 1597 ιε»

158 1634 296 1713 minatur,
320 1634 372 1711 qui
395 1650 461 1693 esse
486 1631 612 1711 simplex
634 1642 665 1692 et
687 1648 748 1691 non
766 1629 999 1691 violentissimus
1017 1630 1102 1711 solet,
1125 1631 1172 1690 his

157 1723 359 1800 praesentitur
377 1721 505 1781 indiciis.
535 1721 670 1781 Primum
689 1721 820 1799 pectoris
840 1720 933 1781 sudor
946 1721 1069 1779 intimus
1083 1727 1171 1779 testa·

156 1822 208 1871 tur
230 1816 346 1870 aestum
370 1809 515 1870 stomachi
538 1808 712 1891 laborantis,
737 1809 821 1887 splen
839 1811 899 1869 erit
917 1810 1003 1887 qnasi
1022 1807 1173 1869 distensus

158 1907 189 1959 et
203 1900 345 1979 eminens,
361 1906 548 1976 sputamenta
564 1897 665 1976 fellita,
680 1898 816 1975 scapulae
832 1916 900 1958 cum
913 1896 1058 1958 lateribus
1071 1915 1172 1976 grava·

157 1987 270 2048 buntur
298 1995 328 2047 et
355 1988 507 2065 inproviso
536 1985 637 2047 dolore
666 1994 866 2066 marcescent,
897 1985 1037 2047 adsiduae
1067 1988 1215 2047 oscitano

158 2077 255 2137 tiones
279 2094 331 2136 ora
354 2076 509 2156 diducent,
533 2077 712 2154 inportunae
735 2074 852 2153 vigiliae
875 2093 995 2136 somnos
1018 2074 1174 2154 fugabunt,

158 2172 272 2227 artatus
296 2167 420 2243 spiritus
444 2167 495 2226 siti
518 2173 666 2225 nocturna
685 2165 811 2225 maxime
829 2164 1008 2244 inardescet,
1032 2182 1173 2243 experge-

158 2254 244 2316 factis
268 2272 352 2314 mens
376 2256 433 2315 erit
451 2256 547 2315 tristis
566 2261 597 2315 et
611 2253 722 2333 nubila,
737 2260 806 2333 post
820 2271 959 2333 soporem
973 2255 1064 2314 totius
1078 2270 1173 2331 paene

158 2344 293 2422 corporis
316 2341 429 2423 pulsus,
453 2351 565 2403 tremor
588 2345 618 2404 in
643 2342 774 2405 brachiis
796 2344 841 2403 vel
865 2345 897 2403 in
919 2341 1070 2424 manibus,
1094 2344 1173 2402 sicca

158 2434 248 2492 etiam
271 2434 362 2492 tussis
385 2433 499 2511 quatiet
518 2433 680 2494 infirmum.
715 2430 769 2493 llis
787 2434 879 2510 igitur
899 2434 1048 2511 sapienter
1067 2449 1171 2492 occur·
1186 2444 1213 2485 aa
1285 2431 1286 2436 ’

158 2522 245 2601 ritnr,
269 2522 295 2580 si
317 2521 503 2582 consuetudo
526 2522 577 2582 fiat
600 2524 665 2581 sine
689 2520 749 2583 ullo
767 2520 962 2581 medicamine
981 2527 1050 2597 post
1068 2537 1173 2580 cenam

158 2608 304 2670 vomendi.
345 2608 423 2670 Utile
451 2620 550 2672 autem
574 2620 620 2671 est
643 2613 732 2670 etiam
755 2612 889 2671 ieiunum
916 2626 1050 2689 vomere,
1079 2611 1173 2687 magis

159 2700 238 2758 enim
256 2715 344 2758 umor
362 2700 478 2778 noxius,
497 2700 549 2778 qui
568 2699 720 2758 stomacho
739 2699 885 2779 insiderit,
899 2701 1040 2776 egeritur.
1068 2697 1171 2777 ltaque

158 2788 211 2865 qui
233 2802 319 2845 mane
343 2789 509 2847 vomiturus
533 2793 592 2866 est,
620 2786 709 2847 dehet
736 2789 905 2847 minutatim
932 2788 1028 2847 ralani
1055 2786 1173 2847 radices
1285 2863 1286 2866 Ἴ

158 2873 338 2934 manducare
354 2892 462 2954 easque
476 2874 521 2934 vel
537 2892 642 2935 sucum
657 2893 760 2935 earnm
774 2876 986 2956 transmittere,
1000 2875 1172 2935 cardamum
1186 2890 1214 2930 so
1285 2893 1286 2946 j

158 2981 287 3043 quoque,
305 2962 336 3022 id
350 2969 396 3022 est
410 2964 604 3044 nasturcium,
619 2963 672 3023 sed
687 2972 716 3024 et
731 2965 827 3043 sinapi
845 2972 874 3025 et
889 2982 1010 3025 erucam
1029 2963 1171 3025 devorare

159 3059 190 3111 et
212 3068 319 3129 aquam
342 3050 449 3111 deinde
473 3051 601 3129 tepidam
626 3051 820 3130 superbibere
848 3062 879 3115 et
906 3054 1000 3132 digito
1029 3055 1172 3113 vomitum
1285 3053 1286 3124 J

159 3156 331 3218 provocare.
364 3139 422 3210 Qui
445 3141 501 3200 ista
520 3143 744 3221 contempserit,
767 3144 825 3202 erit
847 3141 894 3202 his
913 3142 1060 3203 obnoxius
1078 3143 1171 3203 vitiis:

232 3292 312 3347 lvel
331 3306 381 3345 orn.
454 3291 593 3359 ttepide.
658 3294 774 3349 eminae.
839 3294 1004 3363 aamplius.
1072 3294 1171 3350 tileo-

158 3362 241 3416 mate.
325 3366 360 3416 20
378 3362 546 3416 marciacent
566 3367 614 3416 im
631 3365 806 3419 marcescent
823 3368 881 3420 2m.
969 3371 1002 3419 21
1022 3365 1171 3420 deducunt.

140 3438 202 3479 ss
213 3433 261 3502 siti
281 3439 328 3490 im
347 3432 409 3487 sitis
428 3437 486 3487 tm.
547 3432 707 3488 inardescit.
775 3440 809 3490 28
828 3452 908 3491 umor
926 3442 975 3492 im
993 3438 1095 3491 humor
1112 3442 1172 3494 2m.

229 3502 232 3519 ¹
261 3504 289 3561 n
306 3511 356 3560 zm
374 3500 510 3559 insederit
527 3506 586 3558 2m.
659 3509 691 3559 81
712 3506 817 3577 sinape.
