2609 4017
556 160 594 170 -
632 125 708 190 -120
756 160 794 170 -

169 290 234 350 eius
257 289 349 349 inerit
372 289 501 369 incocta,
529 287 680 349 interdum
704 290 784 349 enim
807 305 823 348 e
847 287 986 349 dentibus
1010 290 1094 367 quasi
1115 307 1186 349 ver·

168 377 271 438 miculi
294 377 414 456 quidam
437 379 594 439 eiciuntur.
632 377 724 437 Levat
746 376 879 438 dolorem
903 377 1037 438 dentium
1055 386 1086 438 et
1102 377 1185 439 bitu-

132 478 238 528 3men
266 466 409 527 suffitum.
450 467 525 527 ltem
553 467 799 527 commanducare
827 467 963 546 proderit
985 475 1185 528 mentastrum

169 554 215 615 vel
238 555 369 616 radicem
392 555 584 636 cotyledonis,
608 572 683 635 quae
706 553 799 616 herba
822 555 929 616 similia
952 555 1020 616 lolia
1039 555 1185 636 cymbalis

168 643 258 704 babet
276 645 469 723 nasciturque
488 645 550 705 lere
569 647 601 704 in
620 643 785 723 parietibus
804 644 922 704 umidis.
957 643 1095 724 Pyrethri
1108 661 1215 724 quo-5

169 751 227 811 que
253 732 338 792 radix
364 733 607 795 commanducata
635 733 797 794 multorum
827 733 934 794 levavit
961 733 1094 795 dolorem
1124 751 1184 794 nec

168 823 267 881 minos
295 820 414 882 alumen
442 823 546 884 fissum
572 821 693 882 linteolo
722 824 819 901 spisso
848 821 1064 883 circumdatum
1088 825 1186 883 etita

169 909 281 970 diutius
305 910 474 972 dolentibus
497 914 667 991 inpressum
690 911 830 972 dentibus
854 910 998 972 medetur.
1035 911 1185 990 lnponere

168 1017 238 1059 vero
262 1000 321 1078 ipsi
344 999 456 1062 dolenti
478 1007 597 1080 oportet
620 1000 703 1060 denti
727 1009 822 1062 totum
847 999 904 1060 hoc
931 1000 1185 1061 medicamentum

169 1089 255 1167 quasi
269 1089 471 1170 emplastrum,
486 1089 564 1168 quod
579 1090 737 1150 coniicitur
752 1091 811 1150 sic:
828 1088 997 1150 Peucedani
1014 1091 1079 1150 suci
1093 1088 1119 1149 ll
1132 1088 1184 1168 lll,
1199 1105 1230 1146 ιο

169 1179 347 1256 opopanacis
370 1178 441 1258 ill,
468 1180 546 1239 turis
569 1176 653 1258 illl,
680 1197 753 1239 uvae
777 1195 881 1257 passae
906 1180 969 1238 sine
992 1180 1093 1256 granis
1115 1177 1142 1236 ll
1161 1176 1185 1238 l.

168 1264 248 1326 llaec
271 1269 370 1327 omnia
392 1287 447 1347 per
470 1285 502 1328 se
525 1267 671 1328 contundi
693 1266 819 1347 iubebis,
847 1266 955 1327 deinde
978 1284 1077 1327 ceram
1102 1285 1184 1328 eom-

169 1356 289 1414 misceri
312 1363 343 1416 et
364 1358 460 1417 ceroti
482 1356 570 1416 modo
594 1355 787 1435 emplastrum
809 1356 884 1415 fieri.
924 1354 982 1416 Ubi
1004 1356 1096 1417 luerit
1118 1373 1185 1434 gra-

168 1445 232 1503 vior
251 1443 335 1504 dolor
354 1445 461 1527 dentis,
480 1444 691 1524 auriscalpium
709 1445 775 1505 lana
794 1443 876 1505 molli
889 1443 1058 1524 involvitur,
1073 1444 1184 1504 deinde

169 1533 316 1610 tinguitur
343 1534 563 1596 ferventissimo
590 1534 656 1594 oleo
683 1542 773 1613 atque
800 1535 841 1594 ita
869 1533 952 1593 denti
979 1536 1185 1612 proximisque
1200 1549 1231 1590 1⁵

168 1623 296 1700 gingivis
319 1626 545 1705 superponitur3
572 1632 641 1703 post
667 1623 724 1683 boc
750 1623 965 1683 medicamento
989 1623 1063 1682 dens
1087 1623 1186 1702 operi-

168 1720 227 1771 tur.
264 1709 296 1770 Si
313 1715 470 1792 repetierit
488 1721 540 1773 aut
562 1713 760 1791 permanserit
783 1711 866 1771 dolor
885 1709 978 1771 nihilo
997 1713 1105 1792 mium,
1127 1713 1185 1772 ite·

169 1817 237 1859 rum
268 1800 479 1879 auriscalpium
507 1820 577 1862 cum
603 1802 669 1860 lana
696 1800 861 1861 involutum
889 1819 925 1860 ex
953 1799 1018 1860 oleo
1044 1800 1186 1860 candenti

170 1887 275 1948 eodem
297 1889 384 1948 modo
408 1892 512 1968 inponi
535 1891 654 1967 saepius
678 1887 836 1968 oportebit,
860 1888 955 1948 donec
978 1888 1063 1948 dolor
1086 1891 1185 1948 omnis

132 1990 151 2037 4
170 1975 325 2036 adimatur.
355 1976 519 2056 Siquando
534 1977 734 2039 movebuntur
748 1978 861 2059 dentes,
880 1977 1075 2037 confirmandi
1094 1989 1229 2038 eruntne

170 2063 312 2143 alumine,
339 2083 398 2143 quo
426 2067 588 2127 infectores
617 2075 745 2127 utuntur
773 2075 804 2127 et
830 2065 917 2127 melle
945 2066 1057 2146 Attico,
1085 2067 1126 2126 ita
1151 2075 1185 2127 ut

170 2152 246 2212 duae
268 2162 370 2230 partes
393 2157 454 2215 sint
476 2155 581 2237 mellis,
606 2158 695 2216 tertia
718 2155 866 2216 aluminis,
908 2153 986 2214 Haec
1010 2156 1130 2215 misceri
1154 2164 1186 2214 et

169 2244 225 2302 teri
250 2251 368 2320 oportet
390 2245 422 2304 in
446 2247 596 2326 mortario,
615 2245 722 2305 deinde
746 2247 776 2304 in
800 2243 906 2323 patella
924 2243 1009 2304 fictili
1028 2243 1185 2323 iervefieri,

169 2340 204 2390 nt
227 2333 403 2414 spissentur,
426 2342 515 2412 atque
538 2336 580 2394 ita
602 2333 727 2395 recondi
748 2335 780 2393 in
804 2332 937 2413 quolibet
955 2350 1033 2413 vaso,
1056 2332 1127 2393 dum
1145 2350 1184 2392 ne

170 2437 270 2481 aeneo.
311 2420 375 2483 Hoc
397 2423 646 2484 medicamentum
674 2425 804 2502 primum
832 2429 932 2483 auster
960 2431 1007 2482 est
1034 2431 1064 2481 et
1096 2423 1185 2481 nimis
1199 2437 1229 2479 se

134 2521 150 2570 5
170 2512 348 2590 constringit
362 2512 474 2593 dentes,
493 2513 771 2592 postearemissius
785 2509 911 2572 videtur.
943 2509 1082 2570 Proderit
1096 2512 1185 2570 motis

97 2609 115 2631 f
170 2597 309 2661 dentibus
329 2609 361 2661 et
378 2601 435 2662 hoc
448 2602 711 2663 medicamentum:
730 2601 814 2660 Aceti
828 2601 965 2660 acerrimi
979 2596 1011 2658 fe
1026 2598 1048 2679 l,
1067 2599 1185 2659 cedrise

170 2684 201 2746 θ
216 2687 238 2768 l,
256 2689 394 2750 aluminis
412 2691 477 2750 fissi
494 2690 526 2752 P.
540 2690 576 2751 ll.
604 2689 724 2750 'lenitur
743 2689 860 2750 alumen
879 2706 947 2749 cum
966 2696 1059 2768 aceto,
1079 2689 1185 2748 misce·

169 2787 221 2836 tur
248 2777 355 2838 deinde
383 2779 483 2839 cedria
510 2787 541 2839 et
568 2797 627 2839 una
655 2779 754 2838 omnia
781 2795 849 2838 vaso
885 2795 977 2837 aeneo
1012 2784 1185 2854 coquuntur

170 2864 256 2925 taeda
278 2867 383 2944 pingui
404 2875 497 2948 mota,
525 2867 620 2927 donec
647 2868 678 2926 in
708 2865 802 2926 mellis
826 2865 1049 2945 spissitudinem
1073 2874 1184 2944 tempe·
1199 2880 1227 2920 so

170 2962 265 3013 ratam
287 2953 470 3032 redigantur.
513 2953 576 3015 lloc
599 2954 816 3015 medicamento
835 2956 861 3014 si
880 2957 947 3033 quis
966 2963 1012 3014 ter
1030 2956 1062 3014 in
1082 2971 1185 3014 mense

133 3042 277 3106 edentes
305 3043 510 3125 perfricuerit,
538 3043 671 3104 dolorem
699 3061 803 3104 eorum
831 3060 890 3104 non
914 3045 1093 3122 experietur.
1139 3043 1184 3103 Ad

171 3131 305 3191 dentium
321 3131 453 3192 dolorem
467 3132 544 3192 bene
558 3133 629 3193 facit
647 3134 744 3192 muria
763 3150 799 3192 ex
817 3131 951 3210 piscibus
970 3131 1088 3192 lacertis
1105 3139 1184 3191 vete·

170 3219 264 3300 ribus,
288 3222 315 3280 si
337 3221 405 3299 quis
429 3239 463 3281 ea
487 3221 613 3282 subinde
638 3239 672 3281 os
695 3220 814 3301 colluat,
837 3221 883 3281 vel
905 3219 1027 3280 herbam
1046 3219 1185 3299 peducla-

242 3428 398 3484 8medere.
483 3433 590 3481 9vere.
670 3427 948 3498 1eoe1·am]cetera.
1027 3430 1060 3478 13
1080 3425 1185 3494 emplu-

172 3497 240 3552 stro.
352 3503 384 3550 16
402 3497 645 3552 medicamentum.
720 3503 754 3551 30
773 3497 952 3566 spissitudine
971 3497 1135 3565 temperate.
