2609 4017
484 202 725 269 -323-

94 365 222 426 balsami
241 374 345 444 potum
362 383 398 425 ex
413 367 481 426 vino
496 368 576 427 iuvat
590 373 738 446 ventrem,
757 365 892 428 calefacit
905 368 984 428 enim
999 369 1113 429 viscera

95 464 128 515 et
152 461 293 516 extenuat
317 473 350 515 ac
375 454 497 516 discutit
519 453 701 535 inllationcs3
724 455 848 533 prodest
870 463 900 516 et
923 455 959 516 ad
982 456 1038 518 boc
1063 475 1113 518 na·

95 545 247 604 sturoium
265 551 369 622 potum
390 561 425 604 ex
443 546 525 624 vino,
547 561 615 604 nam
634 552 665 604 et
683 543 817 606 ealefacit
836 554 867 605 et
883 544 978 606 mollit
998 548 1111 607 viscera

96 641 128 693 et
157 633 275 692 urinam
304 639 414 712 movet3
446 632 568 710 prodest
601 639 632 693 et
661 635 871 694 intestinorum
900 632 1053 695 doloribus
1081 643 1112 695 et

67 720 302 782 sinllationibus
326 727 356 781 ct
379 723 543 800 suspirium
565 723 703 800 reprimit
726 730 757 782 et
779 729 867 800 rupta
890 726 1040 802 conponit.

186 808 231 869 Ad
258 818 392 871 ventrem
421 809 594 871 solvendum
617 808 740 871 herbam
763 809 953 890 polypodium
976 820 1058 872 teres
1081 819 1112 873 et
1130 825 1165 874 44

93 899 128 959 in
161 900 277 978 ptisana
309 900 408 960 ieiuno
438 899 614 959 sorbendam
643 896 741 979 dabis,
773 901 873 960 statim
901 899 1033 962 solvetur
1060 904 1112 981 qui

93 988 255 1066 occeperit.
876 1010 879 1014 ·

128 1090 133 1098 ·
185 1076 230 1137 Ad
250 1077 491 1155 suppressionem
510 1075 623 1136 ventris
642 1076 714 1136 nitri
733 1084 763 1136 et
781 1078 894 1137 cumini
908 1084 1024 1138 certum
1039 1079 1109 1157 quid
1129 1091 1163 1140 45

53 1185 80 1225 ro
95 1181 193 1243 aequo
211 1165 343 1243 pondere
363 1182 398 1225 ex
418 1164 482 1225 oleo
499 1164 732 1242 concorporabis
751 1172 840 1244 atque
859 1164 928 1226 inde
946 1164 982 1226 ad
997 1170 1111 1246 magni-

95 1253 233 1314 tudinem
257 1253 339 1314 faboe
362 1255 446 1332 grani
469 1254 590 1314 maioris
613 1255 644 1312 in
668 1271 758 1314 anum
782 1255 896 1315 inicies.

187 1341 230 1402 Ad
249 1351 382 1403 ventrem
401 1341 579 1402 eliciendum
594 1341 713 1403 alumen
727 1342 763 1403 ad
777 1342 1011 1422 magnitudinem
1026 1343 1109 1404 labae
1127 1357 1162 1407 46

94 1429 228 1491 resolves
252 1438 282 1491 et
305 1449 360 1491 ano
384 1432 498 1511 inicius,
521 1432 620 1492 statim
644 1449 763 1492 omnem
786 1431 927 1492 duritiem
950 1432 1066 1493 laxabit.

186 1517 230 1579 td
262 1521 376 1580 ventris
408 1522 565 1581 stricturas
597 1518 752 1580 solvendas
784 1519 940 1582 betaceum
969 1520 1108 1582 conoides
1126 1533 1161 1584 tr

53 1627 79 1668 15
93 1608 264 1668 minutatim
288 1625 355 1669 oum
378 1615 476 1669 terrae
499 1607 625 1688 modico,
651 1607 730 1688 quod
753 1611 781 1669 ei
805 1609 876 1669 dum
900 1607 1036 1669 avellitur
1059 1608 1108 1669 ad·

93 1696 239 1777 haeserit,
267 1703 297 1757 et
324 1699 355 1757 in
379 1696 464 1757 ollam
489 1698 598 1758 reicies
621 1704 650 1757 et
674 1696 785 1757 adicies
808 1696 978 1776 liquaminis
1002 1698 1108 1776 optimi

93 1792 124 1846 et
149 1785 207 1845 olei
230 1787 334 1864 optimi
361 1787 474 1846 etvini
501 1793 643 1865 quantum
672 1787 875 1846 aestimaveris
905 1789 1108 1846 necessarium

92 1882 125 1934 et
143 1881 314 1952 coopertam
332 1873 418 1934 ollam
437 1891 527 1954 super
547 1873 691 1934 carbones
708 1893 816 1956 pones,
839 1875 919 1954 quod
938 1892 1006 1936 oum
1025 1874 1108 1935 lento

92 1963 158 2040 igni
181 1963 271 2024 luerit
293 1970 475 2043 percoctum,
499 1965 569 2024 nitri
593 1966 711 2024 unciam
734 1981 823 2025 unam
848 1962 893 2024 vel
916 1963 990 2024 duas
1011 1965 1108 2024 minu·

51 2051 179 2112 notatim
207 2069 419 2132 superspargos
447 2059 477 2112 et
504 2060 568 2113 tum
597 2070 702 2114 sucum
728 2051 812 2114 illum
840 2053 877 2114 de
906 2051 963 2114 olla
991 2053 1037 2113 vel
1060 2054 1108 2114 ius

93 2157 163 2201 oum
187 2141 255 2201 vino
278 2139 417 2201 miscebis
441 2148 471 2201 et
494 2139 587 2201 bibes.

183 2227 220 2290 Ut
239 2237 342 2290 venter
360 2227 453 2290 facilis
472 2231 519 2310 sit,
538 2231 610 2290 nitri
627 2229 784 2311 perlucidi,
802 2231 993 2311 stalisagriac,
1008 2230 1104 2310 betae,
1123 2242 1157 2293 48

91 2316 189 2378 mellis
212 2320 290 2379 cocti
312 2317 474 2397 modicum,
502 2317 575 2379 haec
600 2318 796 2397 permiscebis
819 2326 907 2398 atque
930 2321 961 2380 in
984 2319 1105 2380 modom

92 2404 209 2485 collyrii
231 2407 354 2468 rotundi
376 2409 503 2467 interius
525 2408 556 2467 in
579 2425 669 2468 anum
692 2409 805 2469 inicies.

50 2514 77 2554 2⁵
183 2494 336 2556 Confectio
359 2494 428 2556 salis
451 2495 605 2556 cathartici
630 2498 686 2555 sio:
714 2495 886 2556 Scamoniae
909 2527 954 2536 —
972 2492 1021 2574 ΙΙΙ,
1043 2496 1103 2554 zin·
1123 2509 1157 2559 49

91 2581 203 2662 giberis
229 2615 268 2626 -
288 2583 338 2665 lll,
360 2584 526 2662 petrosilini
549 2615 590 2627 —
611 2582 665 2664 ΙΙΙ,
689 2582 759 2644 salis
782 2584 957 2643 ammoniaci
981 2581 1104 2662 -llll,

91 2673 225 2732 masticis
251 2671 354 2753 -ll,
380 2675 494 2751 piperis
521 2671 580 2732 albi
605 2703 642 2714 —
669 2671 696 2753 Ι,
723 2674 765 2733 ita
793 2678 826 2732 ut
853 2671 1031 2732 scamoniam
1056 2688 1103 2730 oo-

92 2779 179 2842 quas,
207 2769 241 2822 ut
267 2762 366 2822 minus
393 2760 497 2823 laedat.
539 2760 656 2840 Coques
684 2762 763 2821 enim
789 2761 846 2821 sio:
875 2762 974 2820 mittes
997 2761 1029 2819 in
1051 2777 1102 2838 pa-

92 2856 168 2909 stam
196 2856 227 2910 et
253 2849 360 2910 deinde
388 2851 487 2910 mittes
516 2852 547 2908 in
575 2849 710 2929 lurnum,
738 2857 772 2910 ut
799 2867 867 2910 cum
896 2867 930 2908 ea
958 2857 1104 2927 coquatur

53 2955 79 2996 oo
94 2945 124 2997 et
156 2937 372 3017 aliquantulum
403 2936 470 3016 plus
503 2939 616 3019 mittes,
648 2945 683 2998 ut
714 2956 783 2999 cum
816 2944 899 2998 cocta
931 2937 1035 3019 luerit,
1069 2938 1104 2997 ad

91 3026 209 3105 pondus
230 3044 319 3105 supra
344 3027 489 3106 scriptum
511 3028 622 3109 veniat,
645 3036 676 3088 et
699 3046 767 3088 cum
790 3027 1025 3106 refrigeraverit,
1049 3025 1103 3086 tol·

90 3114 134 3175 les
167 3121 198 3175 et
229 3116 271 3175 sic
303 3117 402 3176 omnia
429 3123 509 3176 teres
537 3124 567 3177 et
594 3115 735 3177 miscebis
767 3125 798 3177 et
830 3116 865 3176 ad
892 3115 972 3195 quod
1004 3113 1103 3174 volue-

91 3205 133 3263 ris
170 3203 408 3265 manducandum
444 3205 476 3264 in
514 3207 646 3266 convivio
680 3224 734 3285 pro
767 3204 1005 3285 quibuscumque
1038 3201 1103 3261 sali·

91 3291 147 3354 bus
170 3294 274 3354 uteris.

96 3538 100 3548 .
181 3497 386 3569 epolipodum
411 3504 467 3553 Im.
568 3497 739 3569 leptisano.
839 3503 872 3551 13
895 3493 1031 3550 duriciem
1055 3501 1103 3552 lm

90 3569 223 3626 duritiam
244 3576 298 3626 tm.
372 3575 405 3624 22
425 3567 618 3639 slosysagrioe.

886 3654 941 3710 21*

1154 3684 1270 3833 ,Γ
