2609 4017
597 188 835 254 -286-

208 351 306 413 voluta
329 369 427 429 panno
451 350 542 412 rubro
565 358 683 429 portata
705 349 742 410 ab
766 367 815 431 eo,
838 352 888 412 881
910 352 1043 412 remedio
1067 369 1145 429 opus
1169 359 1226 432 est,

153 452 187 503 88
206 440 385 520 profluvium
409 441 523 501 ventris
546 441 611 499 eius
634 437 789 500 inhibebit.
835 439 925 500 Betae
947 439 1113 501 conbustae
1136 442 1225 500 etin

206 529 359 608 pulverem
383 529 521 589 redactae
544 535 633 608 atque
657 526 796 589 subactae
821 547 889 589 oum
911 536 995 589 aceto
1014 536 1044 589 et
1061 546 1080 587 a
1096 535 1225 608 pectore

205 618 367 679 laborantis
394 619 552 695 inguinum
578 624 667 677 tenus
694 615 796 677 inlitae
823 616 1002 678 validissime
1029 617 1225 695 adstringunt

153 719 186 769 88
205 706 383 786 profluvium
397 705 653 785 deiectionemque
668 707 787 766 ventris.
816 705 878 766 llos
892 707 1041 767 marinum
1054 724 1124 767 cum
1139 714 1252 766 cretas
1293 703 1296 766 t

205 793 286 855 molli
313 796 418 855 tritum
446 801 476 854 88
504 812 572 855 cum
600 800 684 854 aceto
711 794 828 855 modico
854 796 953 855 ventri
975 796 1141 874 inpositum
1165 795 1224 854 alvi
1294 783 1295 856 1

152 897 187 946 88
205 882 384 961 profluvium
413 884 500 944 sistit.
541 882 621 942 11881
648 884 750 961 spinae
778 882 894 944 radices
922 891 953 943 et
980 882 1100 944 coliculi
1120 886 1223 944 teneri
1294 867 1295 904 ¹

205 990 272 1033 cum
300 974 369 1031 vino
396 973 521 1032 Amineo
548 979 668 1031 austero
697 971 733 1031 ad
761 973 864 1032 tertias
892 971 1103 1051 decoquuntur
1129 980 1223 1050 atque

206 1079 241 1121 ex
265 1078 300 1120 88
323 1062 392 1120 vino
416 1059 539 1138 cyathus
563 1060 599 1119 ad
623 1060 703 1120 diem
723 1061 824 1121 ieiuno
843 1062 956 1121 ventris
974 1060 1120 1139 prolluvio
1139 1059 1223 1120 labo-

205 1150 284 1209 ranti
306 1150 390 1227 potui
413 1149 500 1209 datus
524 1150 634 1226 optime
659 1148 835 1209 medebitur.
1237 1163 1264 1201 10

151 1251 183 1299 91
293 1236 393 1297 Herba
416 1236 606 1317 oxylapathos
629 1256 699 1297 cum
723 1240 835 1297 semine
859 1255 913 1297 sno
937 1237 1018 1298 arida
1037 1239 1169 1298 contrita
1191 1246 1224 1297 et
1295 1241 1296 1254 ¹

205 1343 241 1385 ex
268 1327 337 1385 vino
366 1323 459 1386 calido
488 1333 557 1404 pota
580 1344 719 1404 magnum
742 1327 975 1387 incontinentiae
999 1327 1111 1386 ventris
1134 1344 1223 1405 prae·

151 1420 263 1476 uastat
290 1414 464 1474 remedium.
505 1413 599 1475 Pruni
627 1413 753 1475 silvatici
778 1415 865 1476 bacas
888 1416 1092 1494 corticemque
1113 1432 1151 1475 88
1174 1432 1223 1474 ra-

205 1502 301 1563 dicem
330 1504 395 1563 eius
419 1501 534 1563 arboris
557 1505 588 1563 in
612 1521 706 1563 unum
729 1522 765 1563 ex
788 1505 857 1563 vino
880 1502 917 1563 ad
940 1505 1044 1563 tertias
1067 1502 1224 1583 decoques

204 1599 293 1671 atque
322 1609 358 1651 ex
385 1610 420 1651 eo
449 1591 581 1669 singulos
609 1592 730 1670 cyathos
758 1592 795 1651 ad
820 1592 899 1652 diem
922 1591 1097 1653 deiectionis
1118 1592 1222 1652 taedio
1237 1607 1263 1646 15

151 1692 184 1741 88
206 1679 353 1741 laboranti
379 1682 480 1741 ieiuno
508 1682 592 1759 potui
620 1680 713 1740 dabis.
754 1678 811 1741 lris
838 1680 965 1760 Illyrica,
993 1680 1024 1740 id
1053 1686 1098 1740 est
1121 1678 1222 1741 blace-
1297 1673 1299 1768 1

204 1769 319 1849 donica,
343 1787 418 1847 quae
442 1769 532 1829 luerit
555 1770 722 1847 gravissimi
744 1768 894 1849 ponderis,
918 1768 1119 1830 contundatur
1139 1776 1172 1829 et
1189 1771 1223 1829 in

203 1857 357 1935 pulverem
374 1856 538 1918 cribratum
560 1859 829 1935 tenuissimumque
847 1857 1000 1936 redigatur
1018 1865 1108 1935 atque
1126 1875 1166 1917 ex
1184 1876 1221 1917 eo
1297 1879 1298 1932 ῑ

204 1963 344 2006 mensura
372 1944 511 2006 acitabuli
539 1948 629 2007 unius
657 1945 803 2006 dimidiati
830 1964 899 2005 cum
927 1947 1007 2025 passi
1035 1944 1129 2026 cotyla
1161 1964 1221 2006 nna

202 2034 419 2109 permiscentur
447 2041 477 2094 88
500 2037 665 2113 coagitetnr
689 2042 778 2114 atque
801 2034 870 2095 inde
895 2033 1028 2095 cocleare
1052 2052 1147 2095 unum
1170 2053 1221 2114 cp·
1235 2049 1264 2087 ²0

202 2119 277 2180 liaeo
305 2138 391 2181 mane
419 2124 520 2182 ieiuno
548 2123 649 2204 detur,
676 2125 717 2184 ita
745 2130 778 2183 ut
806 2130 837 2182 et
870 2141 887 2183 a
915 2141 989 2184 cena
1015 2121 1220 2203 abstineatur3

202 2209 328 2269 mirifice
350 2210 492 2288 proderit.

149 2308 184 2359 84
293 2296 324 2357 Si
351 2300 419 2378 quis
443 2300 587 2360 tortiones
611 2298 710 2360 subito
734 2302 796 2378 pati
819 2302 953 2378 coeperit
976 2300 1012 2360 de
1036 2301 1150 2359 ventris
1174 2302 1220 2360 ni-

202 2387 335 2467 mietate,
362 2387 455 2466 pedes
483 2406 553 2449 suos
581 2390 612 2448 in
634 2406 711 2467 aqua
734 2387 912 2449 calidissima
936 2406 1025 2467 qnam
1048 2388 1219 2449 diutissime

201 2484 310 2555 teneat,
334 2478 433 2537 statim
457 2476 617 2537 sanabitur.
1234 2491 1263 2531 aa

148 2577 182 2625 88
291 2564 471 2644 Sanguinem
501 2582 667 2645 caprunum
694 2567 721 2625 si
747 2564 884 2642 polentae
912 2563 1080 2625 1881881888
1102 2564 1219 2625 adiecta

201 2655 301 2714 resina
324 2657 481 2715 miscueris
504 2662 593 2733 atque
617 2653 770 2732 emplastri
792 2653 880 2714 modo
908 2670 964 2713 ano
987 2655 1143 2732 ventrique
1167 2653 1218 2713 ad·

200 2744 351 2823 posueris,
374 2743 492 2823 pondus
515 2760 602 2803 omne
625 2751 657 2803 et
677 2741 831 2802 libidinem
855 2742 1030 2803 deiectionis
1053 2742 1218 2802 efficaciter

199 2832 353 2907 reprimes

147 2928 181 2978 88
289 2916 376 2978 18888
403 2920 554 2979 verrinum
583 2936 688 2978 recens
716 2918 897 2979 conbustum
925 2920 1148 2997 contritumque
1179 2918 1218 2979 ad
1232 2940 1261 2978 so

201 3020 347 3064 summam
375 3006 522 3067 levitatem
550 3025 618 3068 cum
646 3009 728 3087 vino,
756 3008 807 3067 sed
833 3009 897 3067 sine
921 3005 981 3067 sale
1004 3009 1090 3086 potui
1113 3008 1218 3069 datum

200 3092 361 3154 efficaciter
384 3093 550 3173 subprimet
573 3097 693 3157 nimiam
717 3095 921 3156 deiectionem.

147 3194 180 3243 88
290 3181 413 3263 Leporis
433 3185 551 3261 sangnis
570 3201 677 3244 recens
696 3184 819 3245 delusus
838 3191 868 3244 et
887 3202 955 3244 cum
973 3182 1093 3263 polenta
1110 3193 1216 3245 coctus

146 3282 180 3332 88
200 3277 229 3330 88
258 3270 344 3332 datus
373 3272 552 3351 dysinterico
579 3270 648 3331 ilico
672 3274 784 3332 ventris
807 3272 985 3351 profluvium
1010 3274 1105 3333 sistet.
1145 3272 1215 3333 Hir·

289 3476 414 3531 trobro.
488 3481 521 3529 10
539 3476 700 3530 medibitnr.
761 3483 793 3531 11
814 3478 1000 3547 erilapathos.
1058 3484 1092 3535 16
1110 3476 1215 3534 1118188

200 3548 232 3596 18
252 3544 435 3613 8811811818).
509 3544 604 3600 888118.
677 3546 946 3615 86188188888888.

15 3936 18 3967 .
69 3687 217 3967 ’1
