2609 4017
563 166 804 231 -126-

178 333 286 394 deinde
312 331 434 411 pulvere
462 333 527 409 ipso
554 329 729 391 mollissimo
752 329 856 390 dentes
880 329 935 390 tibi
961 329 1103 409 perfrica,
1134 348 1202 408 quo

125 435 159 484 48
178 423 256 484 facto
280 420 412 482 dolorem
435 419 561 481 sedabis.
603 419 634 479 Si
658 418 714 479 tibi
736 421 829 497 partis
853 421 991 479 sinistrae
1015 418 1088 479 dens
1111 418 1202 479 dole-

177 512 230 590 bit,
253 509 355 571 cubito
379 509 484 570 dextro
506 507 631 568 calidam
654 506 751 567 fabam
774 515 888 568 coctam
912 511 1012 568 tritam
1031 509 1144 586 inpone
1164 518 1202 568 et

177 600 336 679 diligenter
358 597 425 676 liga.
458 597 490 658 Si
513 615 582 658 rero
607 598 701 675 partis
725 596 865 656 dexterae
889 599 951 656 sive
970 599 1108 675 superior
1129 599 1199 657 sire
1295 647 1296 654 ,

176 689 301 749 inferior
324 687 398 747 dens
421 685 542 766 dolebit,
566 685 667 746 cubito
687 686 810 746 sinistro
828 684 918 764 ligato
937 686 1075 746 similiter
1093 684 1230 746 sabama

123 790 158 839 45
177 788 207 838 51
230 778 287 837 boc
310 775 520 854 pertriduum
543 775 641 836 laeito.
683 773 821 835 Dolorem
844 775 979 835 dentium
1007 776 1197 854 5131113115-

177 884 245 926 rum
267 865 323 926 bac
346 866 473 925 maxime
495 865 650 925 curatione
673 881 845 943 conpesces,
869 864 896 924 si
914 862 1011 923 mellis
1028 895 1073 906 —-
1086 863 1107 944 1,
1131 863 1198 924 alu-

177 956 266 1015 minis
289 954 439 1015 infectorii
461 987 504 996 -
523 951 564 1012 111
586 951 816 1013 subfervefacias
839 954 870 1012 in
894 952 1023 1031 pultario
1048 961 1078 1013 et
1096 955 1198 1030 agites
1296 949 1297 958 ³

123 1056 158 1105 50
177 1062 211 1104 55
230 1045 356 1104 misceas
374 1042 614 1122 tepefactumque
632 1040 817 1102 medicamen
841 1059 892 1101 ore
917 1043 1078 1102 contineas
1115 1043 1197 1101 Aco-

176 1151 245 1193 rum
262 1131 419 1193 Ponticum
442 1150 511 1191 cum
534 1139 618 1192 aceto
641 1139 672 1191 et
695 1148 764 1190 cum
787 1130 872 1191 taeda
897 1148 992 1209 usque
1013 1130 1050 1191 ad
1069 1138 1198 1209 quartas
1215 1151 1246 1190 ro

177 1221 333 1282 decoctum
360 1221 526 1281 rectissime
553 1219 711 1279 adversum
734 1219 851 1279 dolores
875 1219 1009 1280 dentium
1033 1218 1197 1298 gargaliza·

123 1322 155 1372 51
176 1319 234 1371 tur.
277 1309 374 1370 Sucus
397 1309 567 1388 cyclaminis
591 1315 623 1369 et
645 1306 705 1369 mel
727 1306 850 1386 Lycium
875 1310 979 1386 aequis
1002 1308 1197 1388 portionibus

123 1411 156 1460 55
175 1400 341 1459 miscentur
364 1405 453 1476 atquc
476 1397 545 1457 inde
568 1396 653 1457 dolor
677 1396 810 1457 dentium
833 1397 1023 1458 confricatur.
1064 1395 1197 1475 Lapathi

176 1487 260 1548 radix
286 1488 318 1546 in
345 1495 429 1548 aceto
456 1487 601 1546 acerrimo
629 1487 770 1564 coquitur
797 1492 886 1564 atque
914 1503 949 1545 eo
977 1493 1061 1547 aceto
1084 1484 1197 1546 dentes

123 1588 156 1638 53
176 1575 358 1637 conluuntur
381 1575 426 1636 rel
450 1576 596 1635 foventur.
636 1573 768 1634 Milelolii
791 1574 875 1635 radix
896 1573 952 1635 sub
972 1577 1067 1655 primo
1086 1574 1196 1635 dolore
1214 1594 1245 1634 15
1296 1613 1297 1616 =

175 1665 309 1727 dentium
333 1663 628 1725 commanducabitur
650 1672 682 1724 et
702 1663 796 1723 isdem
816 1662 955 1724 dentibus
975 1665 1027 1742 qui
1045 1663 1197 1724 dolebunt

175 1754 227 1816 diu
241 1754 483 1816 commanducata
497 1752 685 1832 retinebitur,
699 1750 914 1813 intolerandam
926 1752 1091 1813 molestiam
1103 1771 1195 1830 prae·

122 1855 157 1905 54
176 1845 345 1904 sontissimo
368 1841 500 1902 remedio
520 1840 679 1902 coercebit.
716 1839 821 1901 Oleum
845 1859 913 1902 cum
937 1848 1020 1902 aceto
1042 1859 1079 1902 ex
1098 1844 1194 1902 tertio

176 1930 345 2011 decoctum,
373 1930 444 1990 dum
471 1930 567 1991 adhuc
595 1929 684 2008 calet,
712 1937 794 1990 recte
822 1929 858 1989 ad
884 1929 1030 1991 sedandos
1053 1929 1194 1991 dentium

176 2018 293 2078 dolores
316 2037 368 2078 ore
392 2018 584 2098 retinebitur,
611 2021 652 2078 ita
680 2017 804 2096 utplus
827 2021 903 2079 aceti
927 2037 1015 2098 quam
1039 2017 1097 2079 olei
1119 2023 1190 2079 mit·
1211 2038 1242 2076 eo

122 2120 156 2171 55
176 2115 264 2168 tatur.
307 2106 401 2167 Radix
425 2115 522 2168 terrae
545 2106 615 2167 mali
638 2107 760 2167 surculo
784 2116 868 2168 eruta
892 2115 922 2168 et
944 2107 1192 2168 commanducata

176 2198 201 2256 si
224 2214 277 2255 ore
300 2197 501 2273 contineatur,
524 2197 605 2255 inter
626 2197 711 2256 initia
735 2196 854 2274 quidem
876 2196 1093 2257 excandescere
1116 2197 1192 2257 lacit

122 2298 155 2348 55
175 2283 308 2344 dolorem
331 2284 473 2363 dentium,
496 2283 549 2344 sed
572 2303 640 2344 mox
664 2302 732 2344 eum
756 2291 894 2363 potenter
912 2287 1074 2364 extinguet
1115 2284 1209 2365 Por-¹

174 2372 242 2433 celli
264 2371 401 2434 lactentis
424 2372 598 2452 ventriculo,
620 2373 650 2432 id
675 2381 721 2433 est
738 2372 914 2453 aqualiculo,
937 2381 1083 2454 exempto,
1107 2375 1188 2452 quod
1300 2411 1301 2414 =

173 2464 204 2522 in
228 2463 371 2522 interiore
394 2473 463 2522 cute
487 2461 600 2523 luteum
622 2460 772 2542 adhaeret,
794 2461 878 2522 lanae
902 2465 1066 2542 coniunges
1089 2463 1189 2523 made·
1208 2480 1242 2520 25

174 2551 341 2630 laetamque
369 2569 433 2611 eam
457 2551 506 2611 illo
532 2569 636 2611 umore
660 2550 810 2611 auriculae
834 2553 963 2633 inseres,
989 2553 1076 2613 cuius
1105 2553 1190 2612 edi-

173 2659 259 2701 versa
281 2648 366 2720 parte
389 2639 463 2700 dens
486 2639 610 2724 dolebit,
638 2643 805 2700 certissimo
833 2640 965 2701 remedio
994 2643 1095 2702 statim
1119 2639 1190 2701 sub·

121 2740 154 2790 51
174 2732 284 2790 venies.
325 2728 402 2789 Mori
428 2729 512 2789 radix
541 2737 674 2807 tempore
701 2730 808 2788 messis
836 2728 991 2808 inciditur,
1018 2748 1054 2789 ea
1082 2747 1191 2790 sucum

173 2819 360 2895 aptissimum
383 2816 546 2877 inhibendo
569 2816 665 2877 dolori
690 2815 823 2877 dentium
853 2819 975 2897 emittit,
1004 2836 1092 2897 quem
1119 2818 1189 2878 ideo

174 2905 273 2982 colligi
295 2913 326 2965 et
349 2906 462 2965 serrari
484 2912 610 2984 oportet,
633 2911 668 2964 ut
691 2923 759 2964 cum
778 2923 854 2983 opus
873 2905 964 2967 luerit
983 2905 1124 2968 dentibus
1143 2908 1187 2966 in·
1205 2924 1239 2962 so

120 3005 155 3054 58
173 3002 310 3073 ponatur.
352 2992 505 3053 Nuculeus
528 2993 620 3071 gallae
646 2994 909 3055 commanducatus
932 2995 1069 3056 medetur
1092 2994 1190 3055 dolori

121 3094 154 3144 59
174 3083 331 3161 umorique
355 3080 497 3142 dentium.
537 3080 714 3160 Hyoscyami
736 3082 819 3143 radix
842 3085 932 3143 mixta
955 3083 1002 3144 151
1024 3084 1190 3144 madefacta

120 3184 154 3232 60
173 3180 256 3232 aceto
276 3179 307 3231 et
326 3169 567 3231 commanducata
585 3172 660 3230 mire
675 3169 814 3232 dentibus
829 3171 974 3232 medetur.
1007 3171 1189 3251 Plantaginis

173 3261 256 3322 radix
284 3268 366 3320 reete
394 3258 545 3320 manditur
572 3258 766 3338 eiusdemque
794 3279 866 3320 suco
894 3263 925 3320 in
954 3269 1037 3322 aceto
1064 3261 1189 3323 decocto

245 3472 261 3520 2
280 3466 388 3533 dentes,
406 3467 453 3521 aed
466 3465 581 3522 dolebit.
636 3464 893 3535 sauroctonon).
947 3471 982 3520 22
997 3466 1188 3522 scandeseere.

174 3542 209 3592 26
227 3537 309 3590 illum
327 3538 451 3591 humore.
525 3542 558 3590 30
578 3535 691 3605 oportit.
763 3543 797 3590 31
816 3536 958 3592 naculeur.
