2609 4017
498 211 632 277 -203
680 247 718 257 -

97 375 192 454 aloes,
207 373 336 435 absinthi
351 374 482 453 singulas
496 375 609 455 uncias,
624 377 750 436 storacis
767 407 805 419 —
822 374 849 434 ΙΙ
860 375 888 457 S,
903 377 985 436 croci
1000 408 1038 418 —
1050 374 1078 434 ΙΙ
1088 375 1118 455 8,

96 481 189 524 cerae
218 471 249 524 et
275 463 420 524 medullae
448 465 584 524 cervinae
613 463 745 542 singulas
772 463 880 545 libras3
912 471 1060 525 storacem
1088 471 1118 525 et

96 570 225 612 crocum
248 551 344 630 pridie
362 571 479 612 macera
497 555 566 612 vino
584 555 679 613 veteri
697 553 830 614 infusum
850 561 880 614 et
899 555 943 614 sic
962 552 1120 631 diligenter

96 649 181 720 tere,
208 639 368 701 medullam
397 648 426 701 et
453 659 553 701 ceram
581 643 701 702 remitte
724 643 799 723 igni,
827 650 927 703 cetera
950 651 1040 703 tunsa
1062 643 1120 702 cri-

65 729 248 808 shrataque
272 729 360 790 simul
383 732 475 789 misce
499 737 530 790 et
553 737 655 791 ceroto
679 731 894 809 superinfunde
914 738 944 792 et
966 733 999 792 in
1017 733 1119 810 panni·

95 819 170 879 culo
198 827 285 878 utere
313 817 350 878 ad
373 818 559 880 stomachum
589 818 705 879 duabus
729 819 775 879 vel
802 819 900 880 tribus
923 819 1006 880 boris
1034 827 1065 880 et
1094 821 1119 879 si

94 908 209 968 durius
235 906 386 967 videbitur
413 926 501 985 quam
529 925 595 967 esse
624 906 727 986 debet,
756 907 855 968 oleum
883 908 1040 969 nardinum
1068 915 1120 968 ant

94 994 274 1074 gleucinum
297 995 357 1056 illic
380 994 473 1076 adice,
495 1004 531 1056 ut
548 995 709 1057 mollescat.
740 994 893 1076 llysopum
912 1005 1031 1058 coctum
1050 1015 1118 1057 cum
1138 1006 1172 1055 ‘10

18 1076 19 1093 ¹
95 1082 230 1163 oxymeli
253 1085 373 1145 ieiunus
395 1085 442 1145 vel
469 1093 538 1163 post
565 1102 670 1145 cenam
696 1087 747 1163 qui
775 1103 829 1164 per
852 1085 986 1146 cocleare
1010 1084 1118 1146 cotidie

54 1190 82 1230 ro
95 1175 239 1255 accipiet,
262 1172 378 1234 facilius
401 1175 540 1234 conficiet
562 1173 671 1235 cibum.
706 1172 848 1234 Radicem
867 1173 989 1235 feniculi
1007 1176 1038 1234 in
1057 1176 1119 1234 vini
1138 1183 1171 1233 71

94 1262 208 1342 cyatho
232 1261 328 1322 radito
352 1270 383 1323 et
404 1265 579 1342 priusquam
603 1280 694 1322 cenes
712 1262 759 1322 vel
783 1281 852 1323 cum
871 1262 1033 1323 dormitum
1051 1262 1118 1343 ibis,

94 1352 186 1430 potui
209 1353 328 1432 sumito,
352 1370 411 1430 quo
434 1352 512 1412 facto
535 1349 642 1411 melius
665 1350 791 1429 digeres.
832 1351 952 1412 Laseris
975 1354 1038 1412 veri
1056 1370 1117 1412 mo·
1138 1360 1171 1408 72

94 1441 203 1500 dicum
225 1457 262 1499 ex
286 1458 379 1519 aquae
403 1440 525 1518 frigidae
549 1439 655 1519 cyatho
680 1439 807 1501 dilutum
830 1441 993 1501 dormitum
1019 1443 1118 1501 iturus

94 1528 185 1609 bibe,
215 1528 410 1606 digestorium
440 1531 550 1589 mirum
578 1530 752 1607 experieris.
797 1528 892 1589 blellis
922 1530 1012 1589 Attici
1039 1527 1071 1590 P.
1096 1528 1172 1608 1,ra

54 1634 81 1675 15
94 1617 267 1679 vettonicae
295 1620 383 1678 tritae
406 1650 449 1661 -
468 1616 523 1678 ΙΙΙΙ
555 1619 587 1677 in
615 1635 709 1677 unum
735 1619 884 1696 permisce
912 1627 942 1676 et
968 1635 1059 1697 pone,
1085 1625 1120 1677 ut

94 1707 286 1788 conferveat,
308 1707 388 1786 quod
412 1725 481 1767 cum
504 1706 734 1786 refrigeraverit,
760 1705 851 1765 facies
874 1704 1009 1783 pastillos
1032 1707 1118 1766 nucis

94 1795 249 1856 avellanae
281 1796 483 1874 magnitudine
513 1803 544 1855 et
575 1801 644 1873 post
680 1811 784 1853 cenam
817 1793 950 1872 singulos
984 1793 1118 1874 hauries3

96 1903 161 1962 quo
190 1884 267 1943 facto
294 1886 390 1964 prime
418 1882 569 1963 quoslibet
596 1900 766 1961 concoquas
798 1881 889 1943 cibos.
935 1882 1009 1944 Item
1038 1882 1118 1943 aliud
1138 1889 1173 1940 74

96 1973 266 2033 embamma
290 1973 486 2052 digestorium
509 1974 654 2051 optimum
679 1979 709 2031 et
731 1970 923 2032 utilissimum
947 1974 1003 2033 sic:
1028 1971 1116 2050 Ligu·

54 2080 84 2119 so
98 2064 171 2122 stici
194 2062 274 2142 drag.
293 2060 356 2142 llll,
379 2060 542 2140 gingiberis
564 2056 644 2136 drag.
662 2058 684 2141 Ι,
707 2059 874 2138 petrosilini
893 2057 973 2140 drag.
991 2059 1013 2142 l,
1035 2064 1117 2140 pipe-

96 2154 143 2211 ris
172 2147 252 2229 drag.
275 2149 301 2230 Ι,
330 2150 472 2230 epithymi
500 2147 579 2228 drag.
602 2147 615 2208 Ι
648 2159 679 2209 et
705 2147 811 2210 laseris
839 2150 1002 2228 scripulum
1031 2152 1117 2211 dimi·

98 2240 198 2320 dium;
216 2248 305 2300 tunsa
323 2239 397 2301 haec
416 2257 450 2299 ac
470 2238 628 2316 diligenter
646 2236 776 2298 cribrata
793 2241 917 2299 misceto
938 2257 1006 2300 cum
1020 2257 1117 2318 passo.

99 2327 167 2389 Hoc
189 2329 261 2389 facit
284 2336 315 2388 et
337 2327 374 2388 ad
397 2345 459 2407 eos,
482 2329 535 2405 qui
557 2325 659 2388 cibum
681 2334 785 2387 tenere
809 2345 868 2388 non
889 2336 1016 2405 possunt
1034 2346 1116 2388 eum-

99 2435 160 2496 que
183 2415 345 2478 vomitibus
367 2418 525 2495 reiectant3
548 2433 617 2476 mox
641 2433 713 2493 ergo
734 2415 787 2476 ubi
806 2415 906 2476 cibum
926 2419 1118 2496 sumpserint,

55 2523 85 2564 25
99 2506 170 2566 dato
193 2505 345 2586 pastillum
368 2504 404 2565 ad
428 2504 550 2565 modum
577 2507 665 2565 nucis
691 2503 838 2564 avellanae
862 2502 899 2563 de
923 2503 1117 2564 medicamine

100 2596 316 2675 suprascripto
330 2593 410 2655 etad
425 2611 567 2673 praesens
577 2611 629 2653 eos
638 2591 755 2652 abstine
765 2598 846 2670 potu,
861 2593 920 2651 cito
931 2590 1117 2652 remediahis.

190 2683 423 2764 Epithematium
450 2681 743 2743 vehementissimum
771 2679 807 2739 ad
837 2679 937 2740 cibum
960 2680 1117 2740 conficien·
1138 2686 1172 2736 to

98 2775 172 2834 dum
197 2774 253 2834 sic:
286 2770 452 2849 Zingiheris
475 2790 513 2831 ex
535 2777 619 2832 aceto
642 2770 785 2829 macerati
807 2766 839 2829 P.
859 2767 884 2848 l,
909 2770 1118 2847 auripigmenti

99 2862 131 2922 P.
151 2860 173 2939 Ι,
199 2859 330 2922 faeculae
353 2858 385 2921 P.
399 2860 421 2940 Ι,
445 2859 535 2921 calcis
553 2861 636 2919 vivae
656 2859 736 2937 drag.
755 2857 791 2939 ll,
814 2858 959 2937 sinopidis
977 2857 1118 2920 Ponticae

99 2951 133 3011 P.
157 2949 184 3025 l,
211 2949 318 3010 lixivae
341 2946 373 3008 θ
396 2948 422 3029 Ι;
451 2950 522 3010 trita
549 2947 623 3008 haec
651 2950 683 3008 in
711 2946 798 3007 ollam
825 2965 932 3008 novam
958 2949 1060 3008 mittes
1088 2957 1118 3009 et

99 3040 219 3099 fervere
242 3038 334 3098 facies
357 3035 459 3119 simul,
487 3036 581 3097 donec
609 3036 706 3097 mellis
730 3036 958 3097 crassitudinem
981 3036 1118 3117 habeant,

99 3137 225 3188 etcum
249 3127 453 3208 opusfuerit,
479 3125 603 3186 inducta
628 3143 728 3204 pauno
757 3124 851 3186 calida
878 3125 1044 3186 visceribus
1069 3125 1118 3185 ad-

98 3234 205 3298 pones.
236 3214 311 3276 Cum
329 3215 388 3275 ibis
407 3214 578 3296 dormitum,
595 3214 755 3294 zingiberis
774 3214 925 3275 modicum
943 3213 999 3274 sub
1017 3213 1119 3293 lingua
1138 3222 1172 3272 76

97 3313 204 3367 teneto
232 3312 263 3365 et
290 3322 327 3364 ex
353 3322 444 3384 posca
476 3303 568 3364 calida
600 3321 706 3364 manus
739 3302 816 3383 lava,
848 3304 959 3380 optime
992 3302 1118 3381 digeres.

193 3439 398 3496 asborachem.
471 3435 628 3492 boximel'n
703 3443 736 3492 10
755 3435 884 3505 accipiat.
954 3440 985 3489 12
1005 3435 1118 3506 digeris.

98 3511 177 3585 veri]
196 3509 264 3566 vivi.
338 3515 371 3565 18
390 3508 516 3578 apprime
535 3509 698 3564 (fornerius.
761 3521 949 3575 conquoques.
1017 3507 1121 3564 neubi

99 3601 153 3640 om.
228 3587 263 3636 29
282 3580 423 3650 senopidis
441 3580 598 3650 pontiacae.
672 3584 707 3632 34
726 3579 850 3646 degeres.

1134 3795 1235 3978 ,Γ
