2609 4017
528 169 743 234 -23-

126 335 274 396 motiones
297 334 557 412 inportunissimae
581 334 703 413 iaciunt,
723 349 798 410 quae
822 330 936 393 adiecta
955 332 1049 394 calida
1067 352 1143 413 aqua

126 422 255 503 amplius
278 440 401 483 necesse
421 429 467 483 est
484 424 662 483 excitentur.
695 420 767 481 lnde
786 438 859 500 ergo
877 430 982 483 venter
1001 422 1143 503 durescit,

125 511 251 573 inflatur
268 510 378 592 pulmo,
398 510 482 590 splen
501 510 691 585 distenditur,
712 513 820 589 pinnae
839 514 928 571 etlam
947 512 1056 572 iecoris
1074 528 1142 589 por-

125 603 281 681 riguntur,
309 600 418 680 quibus
445 607 672 679 coangustatum
698 607 728 659 et
751 606 916 659 coartatum
939 599 979 661 lel
1002 601 1142 679 exprimi·

94 699 192 770 stur,
216 708 274 769 quo
298 690 396 750 inluso
420 690 567 769 tinguitur
588 707 697 768 corpus
716 696 746 749 et
765 688 798 749 fit
815 687 938 749 luteum.
977 688 1051 749 (lum
1070 706 1142 767 ergo
1160 696 1178 746 o

124 781 299 859 pervenerit
331 778 367 839 ad
397 796 432 838 ea
459 777 522 838 loca
550 795 706 857 venarum,
737 779 769 837 in
800 794 876 855 quae
902 777 1009 859 pocula
1035 776 1142 839 hausta

126 866 326 947 descendunt,
355 867 414 927 duo
438 866 512 927 mala
535 868 649 946 iuncte,
679 866 710 927 id
737 874 783 927 est
806 884 856 926 res
879 868 956 927 acris
979 886 1013 928 ac
1036 865 1142 943 dulcis,

125 957 187 1017 cito
219 956 359 1017 auferunt
386 957 526 1035 animam3
559 956 647 1016 sicuti
675 963 828 1035 petrarum
854 954 1022 1017 umidarum
1049 955 1142 1016 sudor

123 1047 191 1125 igni
218 1045 371 1106 subiectus
399 1046 458 1105 cito
487 1042 665 1105 absorbetur
688 1044 724 1104 ab
748 1046 823 1125 igni,
846 1052 932 1121 petra
954 1054 1053 1107 autem
1076 1046 1141 1123 ipsa

79 1162 110 1201 10
126 1142 234 1195 exusta
253 1142 283 1195 et
300 1141 488 1195 concremata
508 1133 628 1211 sfongea
651 1134 792 1213 efficitur,
816 1132 896 1193 unde
918 1134 983 1194 calx
1006 1134 1052 1194 vel
1070 1152 1142 1213 gyp-

125 1242 195 1283 surn
219 1215 383 1283 coniicitur.
419 1222 462 1282 lta
485 1222 583 1283 calore
606 1220 736 1282 febrium
753 1223 932 1300 excoquitur
950 1224 1055 1283 vitium
1073 1240 1141 1283 cru·

125 1311 229 1373 ditatis
248 1310 442 1389 ciborumque
462 1313 623 1389 congestio.
647 1310 763 1381 Quibus
782 1313 968 1390 consumptis
982 1320 1012 1373 et
1027 1313 1141 1373 exustis

124 1400 234 1479 frigida
257 1403 321 1460 sine
345 1399 435 1461 dubio
459 1398 702 1478 superfundendo
721 1407 776 1480 est,
799 1417 836 1459 ne
855 1402 975 1478 penitus
995 1408 1140 1462 arescant

123 1488 201 1549 Nam
225 1490 365 1550 nimirum
389 1490 535 1568 aestimas,
559 1506 576 1547 o
600 1488 679 1549 bone
699 1490 871 1569 imperator,
895 1487 1019 1550 calidam
1042 1496 1073 1550 et
1090 1489 1141 1549 iri·

79 1605 109 1646 15
125 1578 225 1657 gidem
249 1577 422 1639 mortalibus
444 1576 590 1639 inclusam
614 1594 680 1637 esse
704 1576 890 1656 corporibus,
915 1596 985 1637 cum
1007 1577 1141 1656 singulae

125 1685 177 1728 res
199 1669 350 1746 propriam
372 1665 500 1726 habeant
524 1672 669 1726 naturam.
705 1664 786 1744 lgnis
809 1667 917 1745 ignem,
939 1683 1016 1745 aqua
1035 1683 1140 1745 aquam

123 1756 290 1837 desiderat3
318 1756 371 1816 sed
394 1755 430 1815 ad
453 1753 560 1815 borum
584 1753 764 1833 iungendam
788 1755 960 1814 societatem
983 1756 1044 1814 sire
1068 1762 1141 1814 tem·

125 1846 291 1924 perantiam
319 1843 535 1923 procurandam
565 1842 706 1904 silvarum
733 1844 872 1903 materies
895 1842 1068 1921 lignumque
1091 1843 1141 1903 de·

125 1935 274 2014 poscitur,
307 1932 386 2013 quod
414 1941 444 1993 et
471 1933 567 1994 nutrit
599 1951 632 1993 ao
666 1934 791 1993 suscitat
818 1940 849 1991 et
876 1933 954 2010 rapit
983 1933 1083 2011 ignem
1110 1940 1141 1993 et

79 2046 111 2086 so
126 2022 265 2101 frigidam
289 2024 378 2083 vertit
399 2023 430 2081 in
455 2020 592 2102 calidam3
616 2021 668 2081 sed
692 2039 751 2081 non
775 2022 816 2081 ita
836 2022 868 2080 iu
887 2019 974 2081 nobis
992 2029 1039 2081 est
1057 2040 1141 2082 coae-

126 2110 286 2191 quandum.
310 2111 419 2189 Accipe
442 2112 541 2190 igitur,
565 2112 755 2171 serenissime
778 2111 950 2189 imperator,
973 2110 1051 2190 quod
1071 2117 1176 2171 con-'1

125 2202 249 2261 veniens
277 2199 363 2260 nobis
391 2205 514 2279 putetur
542 2198 723 2277 exemplum:
755 2198 940 2259 thermarum
966 2198 1080 2259 scilicet
1103 2198 1139 2259 ab

125 2308 160 2351 se
183 2288 346 2350 calidarum
367 2289 470 2349 mixtio
494 2295 666 2368 temperata,
689 2287 743 2349 nbi
764 2306 820 2349 nec
843 2289 921 2366 ignis
944 2287 1061 2347 videtur
1084 2305 1140 2347 nec

124 2378 240 2457 lignum
268 2379 452 2458 suggeritur,
479 2379 539 2438 nisi
566 2395 657 2456 vapor
684 2375 766 2437 solus
793 2385 899 2456 sponte
924 2377 1082 2437 coniicitur
1110 2383 1141 2436 et

81 2490 111 2531 sa
126 2486 178 2529 aer
201 2466 315 2528 calidus
338 2468 402 2528 sine
425 2466 526 2529 laboro
549 2468 687 2528 sentitur.
722 2464 827 2525 Nonne
851 2465 910 2526 duo
934 2483 1027 2526 unum
1048 2460 1140 2527 sunt?

127 2564 159 2617 et
186 2556 303 2617 diversa
330 2564 418 2635 atque
447 2558 595 2616 contraria
622 2558 749 2615 invicem
772 2550 921 2631 prosunt?
950 2554 1050 2614 divina
1071 2572 1139 2632 pro·

126 2644 256 2706 videntia
285 2644 396 2707 salubri
423 2645 621 2723 permixtione
649 2661 684 2702 ae
711 2644 856 2720 temperie
883 2650 1043 2719 procurata
1066 2659 1140 2702 non·

126 2733 238 2795 nnllam
257 2733 434 2811 corporibus
452 2730 607 2792 abluendis
626 2732 782 2791 sanitatem
799 2736 953 2810 praestant
971 2737 1141 2809 competen-

126 2831 248 2901 temquo
271 2818 447 2883 medicinam
470 2819 648 2899 praebentes
671 2820 768 2879 varios
792 2818 950 2899 languores
973 2820 1140 2898 aoorpori-

84 2934 113 2974 eo
127 2910 185 2972 bus
204 2910 371 2971 mortalium
389 2904 528 2989 pellunt?
559 2908 638 2970 llaec
658 2927 726 2969 cum
740 2911 780 2969 ita
796 2910 865 2989 sint,
884 2907 959 2969 nibil
976 2908 1056 2970 aliud
1071 2927 1140 2969 reor
1247 2904 1250 2907 ’

126 2998 302 3060 mortalibus
325 2997 528 3076 praebendum
552 3000 611 3058 nisi
633 2998 662 3057 id
689 2997 780 3076 quod,
804 3016 872 3059 cnm
895 2999 1007 3058 infirmi
1030 3006 1139 3072 essent,

127 3088 372 3149 desideraverunt
399 3094 429 3149 et
456 3085 587 3147 oblatum
615 3085 673 3149 sibi
699 3087 848 3165 proluisse
877 3094 1044 3147 senserunt.
1086 3085 1139 3146 llis

127 3196 198 3257 ergo
222 3186 349 3256 utamur,
373 3175 481 3255 quibm
505 3192 608 3236 sumus
627 3174 704 3236 bene
722 3177 838 3256 experti
856 3183 887 3237 et
904 3194 1032 3255 quorum
1051 3174 1140 3235 bene-

127 3267 194 3328 flcio
218 3266 372 3326 consecuti
394 3282 498 3325 sumus
521 3262 680 3342 optabilem
703 3266 868 3327 sanitatem.
905 3265 979 3325 Nam
1003 3263 1140 3325 similiter
1159 3269 1175 3319 8

199 3478 219 3526 3·
233 3470 337 3541 pinnae
355 3476 404 3526 Im
420 3486 532 3541 pennae
549 3472 607 3525 2m.
676 3468 739 3525 rid
757 3472 813 3541 ost]
832 3470 905 3527 inde.
969 3476 1001 3525 10
1020 3471 1139 3543 spongia
1242 3495 1245 3502 ·

126 3560 161 3601 ec
179 3542 296 3613 sfongee
313 3559 382 3599 corr.
456 3548 488 3596 12
508 3540 631 3595 exarastis
649 3546 708 3597 tm.
781 3548 815 3596 22
835 3558 852 3596 a
870 3558 903 3597 erc
922 3542 958 3597 ab
976 3558 1045 3599 corr.
