2609 4017
402 183 761 247 ·-229-

129 348 220 427 ciam,
250 345 303 405 rha
327 344 444 406 Pontici
467 348 658 407 semunciam.
699 346 792 407 Aloen
816 357 847 409 et
869 347 1034 409 mastichen
1057 350 1146 410 simul

129 444 212 495 teres
236 442 267 495 ct
290 434 436 496 cribrabis
459 435 544 515 bene,
567 436 699 515 reliquas
723 437 838 516 species
861 439 893 497 in
911 436 970 516 pila
989 437 1098 498 tuudes
1117 448 1147 499 et

129 522 278 585 cribrabis
301 523 377 585 bene
402 531 432 584 et
454 542 558 585 omnes
581 533 684 603 postea
706 527 737 586 in
755 544 850 586 uuum
868 525 1033 587 contundes
1053 533 1082 587 et
1101 545 1147 587 re-

130 630 225 691 pones
244 612 402 692 diligenter
417 615 448 674 in
462 613 569 694 pyxide
585 614 807 695 qualicumque;
826 633 895 676 cum
908 615 1039 675 volueris
1053 617 1147 695 potio-

102 720 201 763 onem
226 702 297 763 dare
319 704 428 763 iecoris
451 704 522 764 vitio
546 701 701 783 laboranti,
724 706 755 763 in
778 703 834 764 olla
858 704 904 765 rel
925 704 1051 765 caccabo
1070 706 1147 785 rudi,

131 790 186 852 sed
218 799 354 872 excocto,
387 794 571 871 quartarium
603 792 790 871 faenograeci
822 793 990 874 decoques3
1021 795 1148 872 primam

132 898 239 959 aquam
262 881 378 961 fundes,
402 900 469 942 oum
489 882 603 941 lerrere
624 883 765 961 coeperit,
788 888 820 941 et
838 882 923 942 aliam
942 882 1057 963 lundeS,
1078 901 1148 944 cum

131 968 273 1051 fervebit3
295 972 414 1031 tertiam
437 989 550 1051 coques
573 970 609 1030 ad
632 972 737 1031 tertias
761 977 790 1030 et
809 988 936 1049 repones
954 990 1015 1051 vas,
1037 974 1147 1051 inquo

132 1057 169 1119 ad
192 1061 296 1120 tertias
320 1060 474 1121 decoreris
498 1060 616 1121 faenum
640 1077 789 1139 graecum,
813 1078 880 1121 cum
903 1078 975 1120 suco
995 1066 1025 1120 et
1043 1078 1148 1121 umore

90 1167 119 1207 ro
134 1166 190 1208 suo
214 1148 335 1209 atinde
358 1151 510 1228 potionem
534 1151 565 1209 in
589 1148 712 1210 calicem
734 1150 836 1210 mittes
859 1156 890 1209 et
912 1148 1003 1209 addes
1026 1149 1063 1208 de
1083 1149 1148 1228 pul-

132 1255 203 1298 vere
233 1256 323 1316 supra
347 1240 459 1317 scripto
483 1238 617 1299 cocleare
640 1238 763 1317 plenum
789 1245 819 1299 et
842 1238 959 1317 quando
983 1240 1091 1316 accipit
1113 1240 1148 1320 is,

132 1328 184 1387 cui
210 1327 391 1388 medendum
419 1329 489 1408 erit,
523 1327 657 1407 digestus
685 1335 715 1387 et
745 1328 863 1388 ieiunus
892 1329 1018 1405 accipiat
1045 1336 1074 1387 et
1101 1346 1149 1387 ac-

132 1422 250 1495 ceptam
273 1418 425 1496 potionem
448 1416 525 1477 bene
548 1416 672 1495 digerat,
695 1418 737 1477 ita
757 1423 800 1497 ut,
823 1435 893 1477 cum
916 1416 1039 1496 biberit,
1062 1424 1148 1477 tenso

132 1504 256 1565 brachio
289 1506 393 1566 dextro
426 1508 522 1567 iaceat
552 1506 583 1565 in
616 1507 682 1583 ipso
714 1504 825 1585 latere,
857 1514 888 1565 et
918 1504 976 1565 hoc
1008 1522 1062 1583 per
1094 1506 1149 1565 tri-

91 1593 227 1655 1sduum
253 1594 389 1656 similiter
413 1595 513 1677 laciat3
536 1593 609 1655 haec
633 1595 715 1673 potio
737 1594 906 1654 iecoriticos
925 1594 1013 1653 etiam
1032 1600 1149 1653 veteres

131 1685 209 1743 mire
233 1695 324 1744 sanat.

140 1838 143 1841 ,
222 1771 355 1852 Epaticis
382 1772 474 1833 herba
503 1779 664 1833 centaurea
690 1789 728 1831 ex
754 1771 823 1831 vino
850 1768 972 1831 decocta
1002 1788 1037 1830 ac
1064 1772 1149 1848 potui
1167 1784 1201 1830 32

131 1862 243 1921 ieiunis
262 1861 329 1921 data
347 1862 472 1922 mirifice
491 1860 658 1923 auxiliatur.
686 1858 803 1920 llerbae
819 1861 982 1919 vettonicae
996 1860 1028 1919 iu
1042 1858 1148 1919 umbra
1166 1872 1199 1920 33

133 1950 280 2010 arefactae
306 1950 404 2029 pulvis
431 1969 467 2012 ex
495 1968 588 2029 aquae
616 1949 728 2010 calidae
756 1948 869 2028 cyathis
898 1948 1016 2009 duobus
1048 1950 1148 2010 ieiuno

92 2058 119 2097 so
132 2040 287 2099 iecoritioo
311 2042 396 2118 potui
418 2038 506 2099 datus
528 2038 685 2117 magnifice
707 2038 838 2117 prodest.
1159 2057 1161 2060 ·

220 2126 307 2189 Potio
340 2127 535 2189 saluberrima
567 2127 603 2188 ad
635 2128 767 2206 epatioos
800 2146 817 2187 a
846 2125 1001 2187 Procliano
1033 2126 1148 2188 medico
1167 2140 1202 2188 34

133 2225 267 2277 ostensa:
290 2216 425 2277 Ficatum
447 2217 512 2296 lupi
533 2219 685 2295 integrum
708 2216 787 2277 foliis
810 2215 887 2276 lauri
908 2215 1040 2276 involves
1059 2218 1150 2277 etita

133 2305 170 2365 ad
195 2305 287 2365 solem
307 2306 352 2366 vel
371 2306 406 2366 ad
426 2308 525 2384 ignem
544 2305 671 2367 siccabis
690 2314 720 2365 et
739 2307 882 2365 siccatum
902 2304 1060 2384 diligenter
1081 2304 1149 2365 sub-

133 2392 201 2453 latis
220 2393 299 2453 loliis
318 2396 350 2453 in
368 2394 521 2472 pulverem
540 2394 673 2475 rediges3
698 2412 785 2472 quem
808 2392 960 2471 pulverem
980 2396 1011 2453 in
1031 2393 1150 2455 vasculo

93 2500 120 2541 aa
134 2482 230 2542 nitido
259 2481 390 2543 servabis
418 2492 506 2562 atque
535 2502 572 2543 ex
599 2502 634 2543 eo
669 2481 812 2542 coclearia
845 2481 904 2541 duo
936 2499 1005 2541 cnm
1037 2484 1149 2559 piperis

134 2572 235 2649 granis
259 2571 363 2631 decem
385 2573 465 2632 tritis
488 2572 603 2633 adiecto
627 2570 714 2630 melle
733 2571 845 2648 optimo
865 2569 1039 2647 despumato
1059 2587 1149 2647 quan-

133 2666 199 2720 tum
224 2660 352 2720 sufficiat
375 2679 443 2721 cum
467 2662 587 2721 caroeni
610 2658 716 2740 cyatho
738 2650 771 2718 ih
792 2658 914 2737 potione
937 2658 1037 2717 ieiuno
1056 2656 1150 2738 dabis,

134 2764 225 2827 quam
247 2750 332 2827 prius
355 2748 439 2828 lerro·
459 2748 595 2811 candenti
620 2748 774 2810 calefacies
798 2754 828 2807 et
847 2746 1005 2825 diligenter
1022 2748 1054 2806 iu
1072 2764 1149 2806 mor-

134 2838 211 2897 tario
235 2837 431 2915 permiscebis
455 2838 631 2917 sedentique
654 2836 781 2898 inlecto
800 2835 893 2918 dabis,
916 2837 958 2896 ita
977 2843 1010 2896 ut
1027 2842 1150 2915 accepta

93 2944 121 2983 so
134 2928 257 3005 potione
286 2928 447 2987 contractis
475 2927 601 3007 genibus
628 2927 701 2987 hora
728 2928 845 3004 integra
871 2927 902 2985 in
930 2924 1034 2986 dextro
1057 2925 1150 2987 latere

133 3016 230 3076 iaceat
253 3022 283 3075 et
305 3024 408 3094 postea
432 3016 478 3076 rel
500 3034 559 3077 una
581 3016 654 3076 hora
678 3013 855 3075 deambulet.

225 3102 342 3164 Herbae
366 3104 513 3165 verbenae
538 3104 664 3165 solstitio
687 3103 781 3164 lectae
802 3102 899 3181 pulvis
917 3105 948 3163 in
967 3103 1152 3165 coclearibus
1170 3115 1204 3164 35

137 3195 270 3272 quinque
290 3211 357 3253 cum
376 3195 438 3254 vini
457 3194 572 3254 Aminei
591 3193 705 3273 cyathis
724 3192 821 3253 tribus
839 3194 940 3252 ieiuno
959 3195 1044 3269 potui
1064 3192 1151 3251 datus

133 3282 259 3343 mirifice
278 3281 410 3364 prodest,
435 3282 487 3343 sed
507 3300 561 3361 pro
581 3289 676 3342 aetate
695 3290 747 3342 aut
765 3280 878 3341 viribus
897 3282 987 3341 unius
1006 3281 1151 3359 cuiusque

94 3386 121 3427 ro
137 3372 288 3447 potionem
316 3370 409 3432 dabis.
433 3451 434 3455 Ἰ
455 3371 539 3431 Asini
557 3373 650 3432 iecur
677 3373 782 3431 tritum
811 3386 880 3429 cum
912 3368 1094 3447 petroseHno
1122 3377 1152 3430 et
1170 3383 1204 3431 36

226 3565 240 3611 1
259 3558 312 3611 rha
330 3558 452 3629 Pontici]
471 3557 629 3629 reupontici
648 3559 723 3613 Plio,
