2609 4017
598 123 879 243 -1589

212 341 376 424 decoques,
403 349 438 402 ut
465 343 638 422 spissescat3
671 349 739 402 ante
768 348 867 402 tamen
895 359 983 419 quarn
1015 339 1074 400 mel
1105 339 1233 420 adicias,

213 450 302 511 supra
331 433 441 510 scripta
468 429 567 490 colare
594 429 700 510 debes,
732 429 802 490 inde
829 436 914 490 terna
942 428 1079 490 cocliaria
1104 431 1233 490 ieiunus

161 539 195 588 16
214 529 245 581 et
267 527 336 599 post
359 537 461 580 cenam
485 520 622 597 accipies.
668 519 713 579 td
736 528 848 579 tussem
871 519 1036 579 remedium
1060 519 1149 579 uhic:
1172 517 1231 578 iic·

214 613 308 671 sinam
327 607 558 668 terebinthinam
577 615 607 668 et
624 607 685 668 mel
702 607 911 685 despumatum
929 609 994 685 pari
1011 607 1145 685 pondere
1160 625 1232 685 per-

213 700 339 758 mixtum
362 715 430 757 cum
454 714 509 756 oro
532 695 638 757 leviter
661 696 784 756 decocto
807 694 929 756 debebis
951 697 1072 756 ieiunus
1094 695 1256 756 hauriret

160 803 193 853 1⁷
212 785 348 846 Puleium
371 787 485 846 siccum
507 784 544 844 ad
568 801 737 845 mensuram
762 783 860 863 cyathi
887 793 916 844 et
939 785 1085 845 nasturcii
1106 791 1230 845 tantun·

212 875 280 934 dem
297 876 329 934 in
348 873 500 952 pulverem
520 875 729 934 tenuissimum
747 873 849 952 redige
868 881 898 933 et
912 872 1008 933 meliis
1022 874 1129 952 optimi
1142 873 1230 933 adice

211 963 291 1042 quod
320 963 449 1022 sufficiat
475 980 510 1022 ac
537 961 671 1040 decoque
700 969 731 1022 et
758 979 844 1022 manc
871 979 905 1022 ac
932 979 1056 1040 vespere
1087 961 1229 1022 cocliaria

210 1052 280 1112 inde
303 1050 420 1130 singula
442 1052 552 1129 accipe,
574 1051 651 1110 miro
676 1051 818 1111 adversus
840 1058 954 1110 tussem
980 1052 1112 1128 quarm
1136 1049 1229 1110 moie

212 1149 287 1202 stam
310 1139 441 1200 remedio
465 1141 569 1199 uteris,
1241 1158 1263 1196 n

159 1244 193 1294 18
300 1229 345 1288 Ad
364 1237 478 1289 tussem
496 1235 675 1288 nocturnam
693 1234 724 1287 et
742 1227 887 1288 stomachi
905 1227 1161 1288 confirmationem
1179 1245 1229 1286 re-

65 1318 74 1324 ”
211 1317 342 1378 medium
361 1315 604 1396 probatissimum
622 1316 679 1377 sic:
703 1313 821 1376 Caricas
839 1323 902 1376 tres
920 1317 1131 1394 pinguissimas
1151 1315 1229 1376 hiri-

212 1424 300 1466 canas
323 1406 418 1484 prima
441 1413 529 1466 nocte
552 1406 682 1483 accipies
705 1412 817 1465 assatas
841 1423 931 1483 super
954 1404 1107 1484 carbones,
1131 1405 1174 1464 ita
1193 1412 1229 1465 ut

211 1493 337 1573 singuiis
355 1495 462 1554 caricis
480 1495 594 1554 inseras
612 1495 726 1572 piperis
744 1511 836 1572 grana
854 1511 967 1553 novena
985 1492 1061 1553 lecta
1085 1500 1115 1552 et
1135 1491 1228 1574 pulei,

212 1582 291 1662 quod
319 1601 379 1643 non
407 1583 497 1644 iuerit
525 1583 556 1642 in
583 1581 678 1663 inmo,
706 1580 934 1662 aliquantulum3
963 1581 1014 1642 sed
1043 1583 1157 1642 caricas
1180 1583 1227 1642 sic
1241 1599 1264 1639 aa

211 1690 311 1733 assare
335 1671 435 1752 debes,
457 1689 495 1730 ne
513 1671 729 1731 comburantur
747 1673 876 1749 penitus,
901 1670 952 1730 sed
976 1676 1009 1731 ut
1028 1669 1228 1751 resolvantur,

211 1771 241 1822 et
264 1779 299 1822 ea
322 1761 408 1840 hora,
432 1779 490 1840 qua
513 1767 543 1820 te
566 1761 598 1820 in
621 1759 699 1820 lecto
722 1761 874 1838 posueris,
901 1765 964 1820 tum
996 1777 1046 1818 eas
1068 1761 1172 1838 accipe
1197 1769 1229 1818 et

211 1849 352 1927 observa,
388 1867 426 1908 ne
460 1850 620 1926 quicquam
656 1857 760 1926 postca
796 1848 928 1926 loquaris
960 1855 1011 1908 aut
1044 1865 1227 1926 quemquam

210 1937 352 2017 appelles,
388 1944 546 2014 antequam
574 1936 756 2018 addormias3
792 1937 849 1997 hoc
882 1935 1042 1996 observans
1074 1953 1129 2014 per
1162 1944 1227 1996 tres

209 2033 314 2091 noctes
336 2024 436 2084 iacies.
1237 2043 1261 2082 ro

158 2127 190 2174 19
298 2111 343 2172 hd
367 2120 480 2172 tussem
498 2122 746 2191 praesentaneum
765 2113 930 2173 remedium
949 2115 1006 2174 sic:
1028 2111 1156 2172 Radices
1175 2130 1225 2174 ru-

209 2203 295 2261 micis
319 2202 451 2260 minutae
475 2203 548 2280 eius,
572 2220 648 2280 quae
669 2220 723 2281 per
747 2219 882 2280 campum
906 2219 937 2261 se
962 2202 1069 2261 sternit
1092 2207 1121 2261 et
1141 2218 1226 2262 mora

210 2290 269 2350 iert
291 2289 421 2366 parvula,
444 2289 565 2368 colliges
588 2293 652 2350 sine
676 2289 756 2349 ferro
780 2299 811 2350 et
834 2307 936 2350 earum
958 2288 990 2350 P.
1009 2288 1050 2349 111
1074 2291 1106 2349 in
1130 2307 1225 2369 aquae

209 2375 240 2437 8
261 2376 314 2437 XX
336 2377 417 2438 iento
439 2381 508 2457 igne
534 2396 630 2457 usque
653 2378 691 2438 ad
710 2381 813 2438 tertias
832 2379 995 2458 decoques3
1019 2377 1127 2438 deinde
1148 2379 1224 2438 radi-

209 2466 294 2527 cibus
314 2468 457 2546 separatis
471 2467 651 2544 ponderabis
670 2484 775 2545 aquam
795 2477 825 2526 et
840 2477 982 2546 quantum
997 2475 1134 2544 separata
1149 2485 1224 2546 aqua
1237 2484 1259 2524 aa

209 2558 387 2636 pensaverit,
409 2563 526 2617 tantum
548 2555 644 2616 meilis
667 2555 739 2615 honi
762 2555 930 2634 despumati
950 2554 1116 2615 admiscere
1135 2555 1223 2615 debc-

208 2643 254 2704 bis
273 2652 303 2704 et
321 2663 428 2706 rursus
451 2652 613 2723 utrumque
636 2646 761 2703 mixtum
784 2643 915 2704 tamdiu
939 2642 1104 2724 decoques,
1128 2643 1223 2704 donec

208 2733 304 2793 mellis
324 2733 547 2811 spissitudinem
566 2732 687 2811 habeat3
707 2731 813 2792 deinde
828 2731 1006 2793 admiscebis
1019 2733 1135 2811 piperis
1149 2735 1222 2811 opti·

210 2824 247 2880 mi
272 2823 336 2881 triti
359 2829 502 2898 quantum
525 2823 664 2880 aestimes
688 2838 775 2898 posse
804 2821 955 2901 suiiicere,
983 2828 1016 2881 ut
1044 2822 1110 2881 sine
1133 2820 1222 2880 mole

208 2910 264 2968 stia
283 2909 455 2986 accipiatur,
475 2915 563 2987 atque
583 2926 619 2969 cx
638 2927 673 2968 eo
693 2909 887 2970 medicamine
906 2927 992 2969 mane
1009 2916 1039 2968 ct
1053 2926 1123 2969 sero
1138 2918 1220 2970 terna
1232 2925 1253 2964 o

208 2995 345 3056 cocliaria
368 3014 478 3056 sumes.
611 3067 625 3078 α

155 3097 190 3146 20
297 3082 442 3144 Marrubii
464 3084 638 3145 iascicuium
663 3085 826 3146 bonomia
851 3105 944 3166 aquae
970 3087 1076 3164 congio
1100 3085 1138 3145 ad
1161 3103 1220 3146 me·

207 3172 271 3233 dias
299 3172 432 3251 decoque
466 3182 495 3232 et
525 3191 561 3233 ex
592 3191 626 3234 ca
657 3193 732 3253 aqtra
762 3174 877 3235 adiecto
910 3173 1005 3235 meliis
1038 3173 1220 3252 aliquantulo

206 3263 327 3322 ieiunus
354 3260 476 3322 cottidie
504 3262 636 3340 singulos
664 3263 799 3344 cyathos,
830 3263 924 3324 donec
953 3264 1064 3324 tussire
1092 3263 1220 3336 desinas,

279 3397 471 3465 ldecoqne.·
521 3394 606 3451 melle
624 3397 721 3452 dicias.
798 3397 1036 3454 4terebintinam
1119 3402 1154 3452 19
1174 3395 1220 3451 ad·

207 3466 340 3536 dormias]
360 3467 521 3521 obdormias
540 3467 700 3523 Ooroorius.
764 3476 797 3522 21
817 3468 921 3524 radicis
989 3475 1024 3522 26
1044 3468 1127 3524 bonis
1145 3470 1217 3538 (sich

206 3536 306 3605 optimi
325 3537 484 3592 Gornorios.
558 3544 591 3592 32
610 3537 782 3594 fascicolum.
