2609 4017
497 178 734 242 -187-

536 354 615 417 mr.
638 355 700 417 XX.

108 470 162 526 Ad
191 468 307 524 omnia
333 467 499 524 stomachi
525 469 607 524 vitia
634 473 670 524 et
697 469 742 524 ad
765 483 884 525 omnes
906 469 981 525 eius
1004 483 1124 526 causas

107 561 142 613 et
161 557 300 613 dolores
317 561 352 613 et
369 558 415 613 ad
433 571 570 613 omnem
589 557 793 613 cruditatem
808 561 912 638 atque
927 559 1125 628 indigeriem

106 645 349 716 depellendam
366 649 402 703 et
419 646 465 701 ad
483 659 620 702 omnem
635 647 808 702 munerum
821 649 925 717 atque
939 648 1126 718 aqualiculi

105 735 400 791 confirmationem
419 735 581 803 antidota,
599 719 831 805 epithemata,
854 737 1021 805 potiones,
1042 751 1124 805 oxy·

104 824 222 893 peria,
254 824 433 879 unctiones
464 823 598 892 aliaque
636 823 803 880 nonnulla
838 825 1052 882 rationabilia
1089 829 1124 882 et

164 912 308 982 physica
329 913 479 968 remedia
501 913 634 967 diversa
657 913 901 982 experimentis
923 915 1066 983 probata

460 1014 597 1070 usuque
621 1001 776 1058 collecta.

196 1136 363 1218 Principale
394 1145 483 1217 atque
514 1140 636 1198 unicum
665 1137 830 1199 remedium
858 1138 894 1199 ad
922 1138 1066 1200 stomachi
1094 1150 1157 1203 etl

105 1227 211 1289 lateris
230 1226 362 1288 dolorem
382 1225 497 1306 aliaque
517 1225 658 1287 nonnulla
676 1229 786 1288 interni
804 1229 939 1306 corporis
962 1226 1045 1308 mala,
1069 1245 1123 1289 seu

106 1334 176 1378 cum
205 1315 289 1376 febre
319 1317 380 1376 sive
404 1317 469 1376 sine
492 1313 576 1375 febre
599 1315 720 1376 fuerint.
766 1315 820 1377 Est
843 1318 922 1376 enim
948 1318 1122 1396 compositio

105 1405 243 1486 mirifica,
261 1404 362 1466 multis
377 1406 497 1464 omnino
515 1406 682 1465 necessaria
701 1403 778 1465 inira
798 1407 918 1484 scriptis
937 1407 1043 1486 causis,
1063 1425 1122 1467 non

79 1496 243 1573 signer-ata
270 1493 389 1573 quidem
418 1492 636 1572 antiquioribus
664 1493 787 1555 medicis
815 1502 938 1573 propter
963 1495 1123 1556 effectuum

104 1582 297 1663 probitatem,
315 1582 368 1643 scd
387 1585 548 1661 praecipue
565 1600 581 1642 a
595 1582 701 1643 Paccio
717 1581 862 1643 Antiocho
877 1582 1012 1642 auditore
1026 1581 1122 1644 Philo-

104 1671 186 1732 nidis
210 1670 389 1732 Catiniensis
412 1690 469 1733 usu
492 1671 663 1752 inlustrata3
692 1671 763 1732 iecit
791 1672 870 1730 enim
894 1688 1015 1749 magnos
1035 1688 1123 1750 quae·

105 1769 173 1821 stus
197 1779 233 1821 ex
256 1778 290 1820 ea
313 1768 438 1840 propter
460 1759 583 1821 crebros
605 1777 764 1821 successus
781 1761 813 1819 in
833 1760 912 1819 vitiis
931 1758 1122 1841 difficillimis,

103 1848 158 1910 sed
182 1867 220 1909 ne
244 1848 293 1910 hic
317 1849 437 1928 quidem
460 1867 600 1928 umquam
619 1848 672 1909 ulli
691 1851 774 1908 vivus
793 1850 860 1908 vivo
878 1849 1123 1927 compositionem

65 1955 90 1994 ιο
103 1941 194 2000 istam
218 1938 357 1999 ostendit.
393 1938 465 1999 Post
488 1947 614 1998 mortem
634 1937 755 1997 Tiberio
774 1936 894 1998 Caesari
916 1955 971 2016 per
990 1936 1123 2000 libellum

103 2030 253 2108 scriptum
276 2026 344 2088 data
367 2035 414 2087 est
437 2035 467 2087 et
489 2044 544 2105 per
568 2044 635 2086 eum
660 2027 691 2086 in
715 2025 903 2087 bibliothecis
924 2025 1052 2106 publicis
1070 2046 1122 2107 po-

103 2119 163 2177 sita
186 2117 268 2176 venit
289 2117 322 2175 in
345 2133 451 2176 manus
475 2123 605 2197 nostras,
633 2132 722 2194 quam
750 2125 818 2176 ante
847 2114 928 2176 nullo
957 2116 1045 2177 modo
1074 2134 1121 2177 ex·

103 2205 226 2265 trabere
250 2205 411 2284 potuimus,
435 2205 569 2284 quamvis
593 2205 691 2263 omnia
715 2205 883 2286 fecerimus,
909 2212 943 2265 ut
966 2207 1122 2285 sciremus,

104 2312 184 2372 quae
212 2300 299 2354 esset.
345 2293 412 2371 Ipse
436 2294 516 2353 enim
539 2290 658 2353 clausus
682 2292 877 2372 componebat
901 2311 964 2354 eam
989 2313 1044 2355 ncc
1070 2293 1122 2354 ulli

63 2396 91 2437 15
107 2400 234 2443 snorum
257 2380 461 2442 committebat
484 2380 628 2460 pluraque
653 2400 741 2461 quam
763 2384 870 2461 recipit
888 2384 1038 2460 pigmenta
1063 2384 1121 2444 emi

104 2479 137 2532 et
160 2470 306 2532 contundi
327 2469 449 2531 iubebat
472 2469 592 2530 fallendi
614 2488 685 2530 suos
709 2489 797 2530 causa
826 2478 855 2530 et
882 2471 1003 2530 sanein
1022 2470 1120 2531 libello

104 2561 171 2639 ipse
200 2559 310 2620 latetur
338 2577 397 2619 non
425 2577 441 2618 a
465 2576 498 2619 se
520 2560 684 2637 inventam,
713 2557 766 2618 sed
791 2575 847 2618 usu
870 2559 1018 2618 exactiore
1043 2576 1121 2618 com·

104 2647 270 2728 probatam,
293 2647 330 2708 ad
354 2666 429 2727 quae
452 2649 524 2708 vitia
546 2656 576 2708 et
600 2665 669 2707 cum
692 2645 801 2725 quibus
825 2655 855 2705 et
874 2645 1122 2724 quemadmodum

104 2737 173 2798 data
201 2736 370 2815 proficeret.
411 2735 466 2797 Est
494 2738 573 2797 enim
597 2753 657 2795 non
679 2736 793 2814 ignota,
816 2732 999 2813 ponderibus
1022 2741 1122 2795 tamen

63 2839 92 2879 ω
106 2827 239 2905 antiquis
266 2832 318 2885 aut
345 2825 454 2887 adiecit
476 2832 528 2885 aut
550 2825 678 2885 detraxit
701 2822 812 2902 aliquid
843 2830 873 2883 et
896 2840 959 2904 res,
987 2841 1062 2902 quae
1090 2825 1121 2884 in

105 2914 161 2976 bac
185 2915 401 2993 compositione
424 2923 503 2993 sunt,
526 2932 587 2974 non
610 2915 714 2992 utique
737 2913 919 2974 conveniunt
938 2911 974 2973 ad
994 2915 1120 2993 antiqui-

105 3011 207 3064 tatem.
242 3002 396 3064 Interdum
419 3005 499 3062 enim
523 3020 626 3063 earum
650 3001 793 3081 quaedam
813 3009 844 3062 et
862 3020 922 3062 non
941 3009 1001 3063 tam
1020 3001 1121 3082 multa,

106 3091 252 3172 quaedam
270 3094 370 3153 minus
388 3100 419 3153 et
437 3090 569 3171 pondere
588 3097 618 3151 et
637 3108 762 3152 numero
783 3092 952 3170 specierum
971 3093 1122 3171 accipiunt

199 3269 233 3316 14
250 3262 304 3316 ulli
321 3279 335 3317 c
353 3261 492 3318 Scribam:
509 3260 576 3316 ullis
596 3261 756 3317 marius.
827 3267 861 3316 15
875 3262 931 3318 emi
945 3262 985 3332 ei]
1001 3260 1122 3331 ipsemet

106 3334 233 3390 Sambon.
323 3338 357 3387 22
376 3331 520 3388 Interdum
540 3332 627 3404 enim]
651 3332 743 3388 Locus
767 3339 913 3400 corruptus
936 3348 991 3389 esse
1013 3333 1121 3387 uidebar

106 3421 192 3475 aeque
217 3422 236 3459 a
258 3403 418 3473 Scribonio,
441 3405 520 3459 cuius
542 3405 624 3459 verba
650 3406 682 3473 (o.
703 3406 747 3474 ct)
766 3403 908 3458 interdum
932 3403 1006 3457 enim
1025 3418 1120 3458 earum

105 3476 247 3544 quaedam
269 3476 365 3544 plures
390 3474 477 3531 etiam
500 3490 616 3529 numero
640 3475 783 3544 accipiunt
806 3476 891 3541 atque
915 3473 979 3528 ideo
997 3478 1043 3529 etc.
1063 3490 1120 3529 aon

105 3547 196 3619 mopia
213 3549 321 3623 interra
338 3553 413 3614 sami,
431 3547 567 3603 mediano
581 3549 641 3617 peti
654 3551 752 3618 potest.
