2609 4017
588 185 808 250 ..32-

194 370 248 431 per
281 351 407 412 mediam
440 351 567 411 frontem
600 358 630 410 et
664 358 791 429 utraque
823 357 957 428 tempora
991 349 1219 431 circumdetur,

195 440 270 501 bene
295 440 365 501 lacit
388 446 418 500 et
440 439 605 499 fomentum
628 456 683 518 per
699 440 842 517 spongias
861 436 965 498 molles
983 456 1077 518 aquae
1096 437 1218 499 calidae

195 529 326 591 decoctis
350 530 381 588 in
405 546 437 588 ea
462 529 545 606 prius
569 527 646 589 lauri
668 526 747 587 loliis
769 535 799 587 et
818 526 966 606 capitibus
984 529 1141 606 papaveris
1162 528 1218 587 ad-

195 617 324 679 hibitum
352 626 382 678 et
410 618 511 677 unctio
540 618 630 695 capiti
658 616 734 676 facta
761 634 797 675 ex
825 615 903 675 loliis
933 615 1009 676 lauri
1031 623 1063 675 et
1086 618 1158 695 agni
1181 624 1217 676 et

141 706 175 755 32
194 706 297 786 populi
315 707 394 766 tritis
414 724 481 766 cum
500 713 583 766 aceto
607 712 637 765 et
660 704 734 765 oleo.
770 704 815 765 td
835 703 945 785 ulcera,
964 722 1039 783 quae
1059 706 1090 764 in
1111 707 1243 783 capites

195 796 392 856 effervescunt
420 813 489 856 cum
516 796 629 855 umoris
652 794 837 873 manatione,
866 793 989 872 prodest
1011 811 1087 872 aqua
1113 793 1215 854 calida

195 883 240 944 bis
264 893 346 945 terve
370 884 418 945 die
441 902 495 963 per
519 884 672 963 spongiam
692 884 811 961 saepius
829 899 920 961 super
937 880 1039 943 ulcera
1057 900 1213 961 expressa,

141 987 175 1037 33
195 973 274 1051 quod
287 973 392 1033 Graeci
407 971 581 1033 catantlesin
595 970 752 1051 appellant.
779 970 995 1032 Perunctiones
1010 980 1118 1051 autem,
1134 989 1213 1051 quas

195 1060 301 1123 Graeci
320 1061 534 1141 synchrismata
553 1069 667 1140 vocant,
691 1068 721 1121 et
739 1078 782 1141 ea,
801 1078 877 1139 quae
899 1062 1086 1138 superposita
1105 1060 1212 1121 dolen-

194 1150 275 1211 tibus
298 1154 433 1230 partibus
456 1150 535 1212 idem
559 1150 765 1228 cataplasmata
789 1148 946 1229 appellant,
969 1149 1116 1209 eiusmodi
1138 1167 1211 1227 pro·
1227 1166 1252 1205 ro

195 1247 278 1300 sunt:
301 1238 382 1300 Folia
404 1238 502 1299 salicis
526 1257 562 1299 ex
585 1257 661 1317 aqna
680 1240 749 1298 trita
769 1245 820 1298 aut
838 1239 907 1299 vitis
926 1236 1008 1298 albae
1026 1238 1112 1298 radix
1131 1255 1212 1317 aqua

194 1346 269 1408 pura
288 1338 372 1389 cocta
390 1336 441 1388 aut
460 1326 599 1388 lenticula
619 1346 654 1387 ex
674 1344 750 1405 aqua
768 1332 852 1387 cocta
871 1333 923 1387 aut
941 1328 1076 1406 asparagi
1089 1327 1210 1387 radices

142 1422 176 1471 34
195 1434 231 1476 ex
249 1416 336 1477 melle
354 1423 465 1477 coctae.
505 1416 549 1476 Ad
573 1417 679 1496 capitis
702 1414 835 1476 dolorem
859 1415 928 1475 lolia
950 1414 1027 1476 lauri
1050 1414 1096 1475 vel
1118 1415 1210 1477 bacas

193 1503 241 1565 vel
263 1504 366 1566 liorem
390 1513 488 1566 terere
512 1512 630 1584 oportet
653 1522 721 1565 cum
745 1512 828 1565 aceto
851 1512 882 1564 et
899 1505 1010 1564 irinum
1030 1504 1128 1565 oleum
1146 1504 1210 1565 illic

195 1593 359 1655 admiscere
387 1602 475 1673 atque
504 1596 544 1655 ita
567 1601 657 1672 caput
680 1611 827 1671 naresque
850 1608 1026 1671 perungere.
1071 1592 1154 1654 Facit
1178 1601 1210 1653 et
1224 1609 1251 1649 15

193 1682 278 1743 iridis
305 1683 389 1744 radix
413 1702 482 1744 cum
504 1682 580 1743 malo
605 1682 737 1762 cydoneo
761 1688 846 1742 cocto
870 1700 906 1742 ex
929 1699 1004 1760 aqua
1027 1684 1140 1762 pariter
1162 1684 1207 1741 in·

142 1776 176 1826 35
194 1774 300 1851 posita.
354 1772 397 1832 Ad
426 1790 543 1832 omnem
572 1774 677 1851 capitis
706 1770 838 1831 dolorem
865 1772 945 1832 inter
973 1772 1056 1832 initia
1080 1777 1208 1849 prosunt

194 1878 287 1939 aquae
315 1860 526 1937 refrigerantes
554 1868 584 1921 et
611 1859 761 1938 repellunt
788 1878 870 1940 eum,
897 1859 1048 1921 interdum
1076 1860 1207 1921 admixto

194 1965 270 2026 pane
303 1948 349 2008 vel
381 1948 517 2027 polentae
549 1947 658 2027 polline
691 1966 852 2027 consperso
884 1956 977 2008 aceto.
1023 1948 1207 2027 Plantaginis

194 2054 312 2115 quoque
337 2054 427 2097 sucus
451 2044 481 2097 et
504 2035 573 2096 rubi
592 2045 646 2113 Vaut
669 2035 787 2096 lentisci
805 2045 856 2097 aut
874 2036 1007 2097 milelolii
1025 2045 1077 2098 aut
1094 2036 1248 2097 herbaceo

192 2124 356 2185 urceolaris
380 2133 431 2185 ant
454 2124 527 2185 rbus
551 2124 665 2204 Syriaci
688 2132 739 2185 aut
761 2126 882 2206 masiae,
905 2144 994 2205 quam
1013 2126 1119 2186 Graeci
1138 2144 1205 2187 ana-

194 2211 299 2292 gallida
331 2213 492 2293 appellant,
523 2216 594 2273 item
628 2221 745 2296 mentae
777 2231 868 2274 sucus
895 2214 942 2274 vel
968 2214 1133 2275 intiborum
1158 2214 1205 2275 vel

193 2304 282 2381 myrti
301 2301 347 2362 vel
366 2302 517 2381 staphidos
537 2303 635 2380 agriae
653 2302 771 2362 inlusus
789 2303 880 2380 capiti
897 2302 1059 2381 plurimum
1073 2303 1204 2383 prodest.

140 2395 173 2445 36
192 2390 237 2450 Ad
265 2390 396 2451 diutinos
423 2392 529 2470 capitis
552 2390 671 2450 dolores
694 2390 816 2470 prodest
838 2390 971 2452 inlusum
994 2395 1084 2471 capiti
1107 2392 1205 2453 oleum

193 2487 277 2539 vetus
301 2482 457 2560 cyprinum
479 2479 526 2540 vel
548 2480 661 2540 irinum
683 2497 752 2539 cum
775 2479 956 2561 peucedano,
980 2480 1155 2561 sphondylio
1174 2489 1204 2542 et
1217 2506 1244 2547 ss

193 2575 335 2629 castoreo.
372 2568 479 2648 luponi
497 2576 596 2630 autem
615 2570 715 2629 statim
733 2575 853 2647 oportet
870 2567 925 2629 lini
943 2571 1065 2630 seminis
1080 2571 1202 2631 farinam

192 2668 222 2718 et
243 2657 424 2719 hordiaciam
447 2660 477 2717 in
502 2676 594 2719 unum
614 2666 729 2718 coctam
748 2675 783 2716 ex
802 2675 905 2738 posca,
924 2658 977 2717 sed
994 2666 1098 2737 postea
1116 2659 1202 2737 prod·

192 2755 237 2807 est
260 2748 423 2826 inpositum
446 2756 580 2808 cerotum
607 2765 644 2806 ex
667 2747 789 2826 cyprino
813 2745 878 2805 oleo
901 2747 1012 2808 lactum
1035 2766 1105 2809 cum
1127 2756 1201 2808 ruta.
1291 2813 1292 2822 χ

192 2833 266 2895 ltam
293 2834 368 2895 bene
392 2835 462 2895 lacit
485 2843 619 2895 cerotum
643 2853 679 2893 ex
702 2835 779 2895 irino
803 2842 855 2894 aut
878 2834 1023 2915 Syriatico
1046 2835 1111 2897 oleo
1134 2854 1202 2897 cum
1291 2851 1292 2868 ¹

191 2922 308 3003 butyro,
329 2922 488 2983 dummodo
507 2921 646 2982 calefacto
666 2922 860 2985 medicamine
879 2933 968 3005 caput
988 2933 1201 3005 perunguatur.
1214 2951 1241 2991 so

192 3009 387 3089 Opobalsama
401 3018 501 3071 autem
515 3028 583 3072 cum
599 3009 729 3089 serpullo
743 3020 773 3071 et
787 3030 854 3072 rosa
868 3013 913 3073 vel
928 3015 1100 3094 peucedano
1115 3014 1200 3095 prod·

139 3103 171 3151 3⁷
191 3108 237 3160 est
256 3100 344 3160 etiam
363 3097 541 3177 lethargicos
560 3101 695 3179 perungi.
731 3099 774 3159 Ad
799 3118 917 3162 omnem
940 3105 1046 3183 capitis
1069 3102 1201 3164 dolorem
1291 3079 1293 3184 l

264 3275 278 3323 1
306 3286 357 3340 per
376 3286 491 3327 masam.
528 3269 683 3326 circumdet
700 3272 786 3326 emis
803 3290 837 3325 ur
854 3272 959 3327 litteris.
996 3277 1083 3341 iper
1096 3272 1199 3328 fomen-

190 3341 260 3396 tum.
310 3358 384 3409 equa
403 3341 493 3397 calido
511 3346 560 3395 lm
578 3357 603 3397 a.
623 3340 716 3397 calida
733 3345 792 3398 2m.
843 3342 973 3412 thegni.
1024 3343 1199 3399 theoferve-

190 3413 279 3467 scnnt.
317 3411 528 3482 isphongiem.
566 3413 793 3467 Soantcntiasin.
831 3419 864 3467 12
878 3430 948 3483 puro
963 3416 1044 3469 cocto
1081 3416 1198 3484 anparai.

192 3487 225 3536 19
244 3497 401 3553 consparsa.
437 3489 470 3537 21
491 3481 621 3552 siriachy.
658 3482 771 3538 macies.
808 3489 842 3537 23
861 3484 957 3554 myrti]
973 3485 1069 3541 musci.
1107 3492 1140 3541 2⁷
1155 3503 1198 3542 or·
1291 3511 1292 3518 κ

191 3552 314 3609 diatiam.
353 3556 504 3610 excoctam.
542 3558 575 3607 29
595 3552 741 3621 syriacino.
778 3560 813 3608 30
832 3570 884 3609 con
902 3554 1011 3611 butero.
