2609 4017
477 137 715 202 -163—

92 296 166 358 Haec
189 300 292 360 iuncta
317 319 351 360 ex
374 301 461 362 melle
485 303 596 380 optimo
621 301 802 380 temperabis
831 311 861 361 et
888 320 925 363 ex
952 319 987 364 eo
1015 304 1102 364 nucis

92 385 232 447 avellanae
262 389 466 468 magnitudine
493 408 562 451 cum
589 407 666 470 aqua
693 390 787 451 calida
814 408 901 451 mane
928 391 1029 450 ieiuno
1055 389 1102 452 vel

91 478 174 535 etiam
201 475 320 555 digesto
348 478 382 539 ad
410 496 565 558 vesperam
588 478 681 539 dabis.
727 477 817 540 Valde
840 477 952 540 bonum
975 487 1006 539 et
1029 477 1155 541 5511554

90 564 123 623 ad
150 572 264 626 tussem
294 566 484 646 qualemlibet
511 566 568 629 hoc
595 566 762 628 remedium
791 575 850 628 est:
886 567 954 648 dpii
979 569 1101 629 seminis

66 645 125 737 epi·
143 652 205 734 llll,
228 654 401 734 hyoscyami
421 650 515 742 211,
539 655 640 717 anethi
660 647 699 742 2·
721 655 783 736 1111,
807 657 868 734 opii
887 649 927 743 y·
947 655 982 736 ll,
1004 655 1101 718 mellis

89 741 162 818 quod
184 742 222 802 ad
247 744 428 824 colligendas
447 753 478 805 et
496 744 743 824 conglutinandas
761 747 877 824 species
897 763 987 825 supra
1006 745 1100 806 dictas

89 829 219 911 sufficiat,
244 850 317 894 cum
339 836 370 894 in
393 833 546 912 pulverem
565 833 679 895 luerint
697 833 843 895 redactae.
876 833 965 895 Tussi
985 842 1014 895 et
1032 852 1099 896 cru·
1119 845 1153 896 55

89 917 167 978 ditati
184 921 326 983 medetur
343 922 401 982 hoc
419 922 617 984 medicamen:
641 921 725 983 Cesti
738 955 779 966 -
794 922 844 1004 lll,
865 924 994 984 cinnami
1010 955 1048 968 —
1065 923 1101 1005 11,

86 1009 193 1085 piperis
217 1002 260 1095 2«
281 1008 318 1092 V,
345 1012 417 1072 item
445 1013 557 1090 piperis
580 1010 662 1090 longi
686 1003 726 1098 ,ᾖ
744 1010 782 1092 V,
809 1013 870 1090 opii
893 1003 933 1098 ,ᾖ
952 1011 992 1092 11,
1020 1013 1101 1074 croci

56 1095 290 1176 1u—l,mellis
314 1099 393 1179 quod
418 1102 489 1161 satis
513 1100 549 1160 ad
573 1099 647 1160 haec
670 1102 741 1161 trita
764 1100 956 1179 temperanda
974 1108 1004 1161 et
1023 1107 1100 1162 cata·

87 1186 161 1260 potia
184 1186 331 1268 facienda,
355 1206 430 1268 quae
453 1207 523 1250 cum
546 1188 628 1249 calda
651 1206 728 1268 aqua
747 1198 777 1249 et
795 1206 881 1249 mane
900 1196 930 1250 et
948 1206 1024 1270 sera,
1048 1189 1100 1250 sed

87 1273 249 1337 interiectis
273 1277 389 1338 vicibus
409 1277 474 1338 dari
492 1285 619 1360 oportet,
643 1277 723 1358 quod
748 1278 886 1340 similiter
904 1286 935 1339 et
953 1277 990 1338 de
1009 1296 1100 1358 supra

87 1364 193 1440 scripto
217 1366 416 1428 medicamine
440 1366 506 1426 lieri
527 1366 624 1427 debet
664 1366 788 1448 dquam,
811 1369 843 1426 in
867 1385 925 1446 qua
947 1374 1046 1428 rutam
1069 1375 1152 1428 5555

86 1448 228 1530 hysopum
257 1463 289 1516 et
311 1473 409 1515 rosam
433 1457 543 1516 siccam
566 1455 734 1538 decoreris,
762 1457 830 1515 vino
855 1455 981 1518 inmisce
1005 1458 1099 1518 etita

56 1536 240 1603 ubibendam
265 1545 367 1604 ieiuno
391 1544 465 1604 oller
489 1545 637 1618 tussienti,
661 1547 720 1606 cito
744 1544 911 1605 subvenies.
953 1544 987 1604 ln
1010 1563 1098 1604 ovum
1118 1553 1151 1603 55

88 1626 191 1690 sorbile
219 1634 355 1694 masticis
382 1633 535 1712 pulverem
558 1635 673 1714 mittes,
703 1633 756 1693 sed
779 1650 856 1710 opus
879 1639 941 1713 est,
969 1640 1003 1692 ut
1031 1649 1100 1692 mox

90 1720 263 1795 coagitatum
292 1723 392 1782 statim
421 1721 556 1802 sorbeas,
584 1740 623 1782 ne
650 1720 792 1782 dilatione
820 1721 871 1781 liat
895 1731 1011 1799 crusta3
1040 1739 1098 1799 quo

89 1804 224 1870 exhausto
240 1809 336 1889 ¹facile
360 1820 474 1871 tussem
497 1809 624 1892 sedabis,
647 1811 675 1870 si
697 1810 727 1870 id
751 1811 870 1889 saepius
893 1808 1009 1870 1555515.

170 1895 269 1958 Fabae
288 1917 380 1977 grana
399 1900 614 1978 quinquaginta
632 1907 711 1960 tosta
731 1900 762 1959 in
782 1898 879 1978 furno,
897 1899 1012 1976 piperis
1030 1899 1097 1962 555·-
1117 1907 1151 1958 58

57 1978 151 2041 todem
179 1988 290 2047 tundes
317 1997 348 2048 et
374 1987 521 2048 cribrabis
549 1997 580 2048 et
609 1988 691 2067 pulei
723 1987 898 2048 tantundem
931 2005 1097 2067 mensurae,

92 2080 225 2146 quantum
254 2075 339 2137 labae
368 2085 427 2158 est,
455 2078 487 2137 in
514 2076 667 2155 pulverem
695 2077 813 2156 rediges
841 2094 875 2137 ac
899 2072 988 2138 simul
1010 2075 1097 2136 melle

91 2174 264 2244 consparges
288 2173 319 2226 et
341 2183 453 2245 coques
476 2167 507 2226 in
530 2165 587 2226 olla
609 2166 679 2228 rudi
699 2174 789 2246 atque
808 2164 942 2246 agitabis,
961 2183 998 2225 ne
1018 2182 1096 2226 com·

91 2242 220 2335 baralus,
243 2262 347 2334 postea
371 2254 408 2314 de
430 2255 578 2333 tepefacto
600 2255 796 2316 medicamine
821 2272 876 2334 per
899 2261 1013 2332 septem
1033 2253 1096 2315 dies

92 2336 197 2416 singula
226 2343 366 2407 cocliaria
394 2345 456 2404 sive
484 2360 571 2404 mane
599 2345 661 2404 sive
690 2361 756 2404 sera
783 2344 861 2404 tussi
892 2341 1096 2403 laborantibus

58 2433 79 2473 2⁵
91 2420 178 2511 dabis3
200 2433 263 2493 cito
286 2431 453 2493 subvenies.
485 2431 584 2493 lierba
607 2440 765 2494 centaurea
783 2433 855 2492 trita
874 2448 909 2492 ex
928 2433 996 2492 vino
1016 2429 1149 2495 51515159

92 2508 207 2602 bibitur3
235 2522 311 2581 mire
334 2520 457 2600 prodest
480 2520 652 2599 5515551515,
681 2521 733 2599 qui
757 2517 1019 2598 sanguinulentum
1042 2528 1094 2578 aut

90 2605 275 2676 purulentum
297 2611 475 2689 extussiunt,
498 2627 574 2690 quos
597 2608 742 2689 pthisicos
766 2608 878 2668 dicunt.
914 2605 1006 2666 Uvam
1029 2624 1094 2686 pas·
1114 2617 1149 2669 50

91 2704 146 2751 sam
168 2697 338 2759 enucleabis
361 2699 398 2759 ad
421 2698 563 2778 ponderis
585 2697 679 2760 librae
703 2703 869 2759 sextantem
888 2703 919 2756 et
937 2693 1096 2773 diligenter

91 2782 170 2863 teres,
192 2787 303 2849 adicies
327 2789 446 2867 senapis
469 2790 580 2867 optime
603 2788 763 2867 separatim
784 2785 850 2847 triti
867 2782 960 2844 librae
979 2791 1095 2846 sextan-

61 2871 145 2929 utem
169 2891 202 2936 ac
230 2875 338 2936 deinde
366 2877 481 2938 adiecto
508 2885 593 2938 aceto
621 2875 728 2938 scillite
759 2892 828 2938 cum
855 2871 951 2934 mellis
977 2873 1095 2936 modico

91 2960 162 3020 teres
188 2974 219 3026 et
245 2963 399 3047 miscebis,
430 2968 472 3026 ita
499 2974 534 3027 ut
561 2983 626 3027 eam
654 2963 879 3046 spissitudinem
907 2960 1029 3045 habeat,
1060 2970 1096 3026 ut

93 3049 223 3120 pastillnli
246 3054 312 3114 tisri
335 3056 460 3135 possint,
483 3062 661 3116 nontamen
680 3053 821 3134 grandes3
843 3053 913 3115 inde
932 3055 985 3132 qui
1002 3053 1096 3133 pthisi

93 3140 119 3192 et
138 3136 249 3204 diutina
273 3145 350 3204 tussi
371 3141 498 3225 laborat,
522 3141 656 3222 singulos
680 3161 748 3204 eum
771 3140 854 3204 calda
877 3160 953 3220 aqua
975 3143 1095 3202 ieiunus

92 3236 168 3288 mane
194 3240 226 3292 et
252 3231 388 3292 similiter
416 3231 577 3295 dormitum
604 3230 714 3293 vadens
741 3231 777 3293 ad
808 3247 962 3310 vesperam
988 3235 1094 3291 sumat.

154 3440 169 3489 5
191 3438 443 3494 concluttinandss.
527 3443 559 3493 17
572 3421 785 3508 ’555551555555
867 3437 943 3505 quod
968 3436 1093 3492 exensto.

94 3500 122 3552 2⁷
139 3509 291 3574 purulento.
363 3508 475 3579 tphicos
495 3509 565 3579 (sie).
638 3507 806 3563 3055111115.
879 3505 1029 3649 pppphisi.

1157 3780 1271 3966 Ε
