2609 4017
580 139 819 204 -136-

194 304 344 364 sextarIus
367 310 397 363 ct
420 319 541 363 rursum
565 304 713 381 coquitur.
750 302 807 364 Ubi
830 309 927 363 autem
952 301 1029 363 benc
1052 303 1208 365 decoctum

196 393 296 471 luerit,
319 399 419 452 cetera
443 408 533 470 supra
557 393 668 470 scripta
692 410 767 471 quae
791 394 870 452 sicca
894 399 963 452 sunt
986 394 1056 452 trita
1077 393 1208 453 adiciun-

195 490 247 542 tur
261 483 430 559 iterumque
445 479 624 558 decoquitur
638 480 896 560 medicamentum,
915 479 1010 541 donec
1027 482 1067 542 sit
1079 484 1207 560 spissum

139 584 178 633 44
197 570 277 631 velut
296 567 488 649 mollibus,
507 587 566 647 quo
585 571 705 630 coriarii
723 576 859 650 utuntur,
878 568 1016 629 foliorum
1036 578 1206 631 tenerorum

195 658 389 720 collectorum
418 665 544 738 aestate,
571 660 747 737 priusquam
775 677 876 720 semen
904 657 1079 720 arbusculae
1106 671 1233 720 eorumo

194 747 332 822 habeant,
350 745 377 806 X
396 744 506 806 XXIIII
523 755 714 808 macerantur
732 749 763 808 in
782 765 876 826 aquae
894 746 1004 807 nitidae
1023 749 1139 826 congiis
1157 749 1206 808 tri·

194 836 253 896 bus
275 836 400 896 totidem
423 834 528 896 dicbus
550 835 734 915 totidemque
757 835 909 916 noctibus,
937 835 1045 896 deinde
1068 854 1206 916 expressa

195 925 265 985 folia
288 924 472 1004 abiciuntur,
496 943 585 1006 aqua,
608 927 639 984 in
664 943 722 1004 qua
746 931 891 986 macerata
915 924 1035 1005 luerint,
1058 925 1206 986 transiun-

196 1014 278 1074 ditur
301 1016 332 1074 in
355 1032 407 1074 vas
430 1031 550 1074 aereum
574 1021 604 1074 et
627 1016 779 1095 coquitur,
807 1014 901 1074 donec
929 1014 960 1072 in
987 1013 1084 1074 mellis
1109 1016 1206 1093 spissi·

194 1102 330 1164 tudinem
358 1103 519 1181 redigatur.
565 1101 691 1181 Oportet
718 1111 818 1163 autem
846 1103 958 1162 moveri
984 1121 1091 1181 aquam
1116 1104 1206 1182 Ipsam
1220 1115 1246 1154 1⁰

195 1191 331 1253 rudicula
359 1192 405 1252 rel
432 1191 615 1270 spatbomcla
637 1193 715 1252 aeris
744 1190 841 1272 rubri3
868 1198 971 1271 postea
1000 1190 1077 1251 adici
1101 1191 1208 1252 debent

194 1283 266 1342 trita
288 1280 375 1340 baec:
397 1279 527 1359 Myrrae,
551 1282 641 1360 turis,
665 1279 749 1340 nardi
774 1279 919 1363 Syriacae,
943 1281 1081 1361 cinnami,
1105 1283 1208 1360 casiae,

195 1369 381 1448 singulorum
406 1368 520 1429 denarii
543 1367 618 1449 bini3
643 1367 750 1428 deinde
774 1367 821 1428 bis
843 1377 926 1430 terve
949 1368 1133 1429 inferretieri
1151 1387 1207 1429 mc-

193 1459 395 1520 dicamentum
419 1465 450 1517 et
473 1459 578 1536 reponi
600 1460 632 1518 in
655 1457 761 1536 pyxide
785 1476 901 1537 cyprea.
945 1456 1029 1518 Facit
1051 1457 1088 1516 ad
1112 1460 1208 1519 omnia

193 1549 279 1627 vitia,
307 1564 383 1626 quae
411 1548 443 1606 in
471 1565 522 1607 ore
551 1555 728 1627 nascuntur,
756 1554 787 1607 et
810 1546 847 1607 ad
870 1564 955 1606 uvam
979 1555 1010 1606 ct
1031 1549 1159 1607 arterias
1182 1555 1246 1606 ct1⁵

160 1659 165 1666 ·
193 1639 332 1717 anginam
355 1643 385 1696 ct
409 1634 445 1695 ad
469 1636 625 1710 auriculas,
649 1654 686 1696 ex
705 1635 814 1714 quibus
832 1637 917 1714 puris
935 1633 1062 1696 multum
1080 1634 1159 1714 lluit,
1182 1644 1210 1696 et

194 1727 231 1787 ad
254 1734 372 1786 veretra
396 1724 484 1784 etad
508 1724 688 1803 nigridincm
711 1723 970 1804 carbunculorum,
994 1733 1111 1784 crustas
1138 1743 1210 1803 quo·

194 1834 254 1895 quc
282 1822 312 1874 et
339 1812 463 1892 papulas
491 1831 593 1873 omnes
622 1820 652 1873 et
678 1815 804 1875 mailme
828 1833 862 1874 ca
884 1814 998 1873 umoris
1020 1814 1105 1893 vitia,
1134 1831 1210 1892 quae

193 1907 226 1964 in
254 1909 342 1963 nocte
370 1903 571 1982 concitantur,
599 1909 757 1983 expurgat3
786 1901 838 1962 scd
863 1904 888 1960 si
910 1906 1058 1961 vetustate
1082 1902 1210 1962 medica·

193 1998 327 2052 mentum
355 1991 513 2069 inaruerit,
537 1991 703 2050 remittitur
730 1998 759 2051 ct
787 1999 970 2070 temperatur
992 1992 1060 2049 rino
1088 1997 1208 2051 austere
1222 2001 1244 2040 2⁰

193 2079 271 2140 bene
294 2079 396 2139 calido.

136 2178 176 2227 45
283 2166 459 2228 Remedium
474 2165 574 2229 Cosmi
588 2165 697 2227 medici
716 2167 752 2229 ad
772 2169 908 2246 anginam
922 2166 1002 2228 etad
1017 2169 1116 2228 omnia
1130 2170 1210 2247 vitia,

195 2258 324 2336 quaein
348 2274 400 2315 ore
423 2263 597 2336 nascuntur,
620 2263 650 2316 et
675 2254 709 2315 ad
734 2273 822 2316 aures
844 2274 920 2336 pure
941 2266 1095 2318 manantes
1120 2265 1150 2317 et
1175 2256 1209 2317 ad
1278 2249 1279 2332 l

195 2344 395 2406 carbunculos
422 2352 511 2423 atquc
540 2344 576 2405 ad
599 2352 729 2426 veretra,
758 2362 832 2424 quae
856 2345 1034 2424 nigridinem
1058 2345 1209 2424 duxerint,
1278 2333 1279 2390 l

194 2433 284 2494 etad
308 2442 426 2494 crustas
448 2442 478 2494 et
501 2433 538 2494 ad
561 2432 662 2494 ulcera
685 2435 716 2493 in
738 2433 864 2512 pedibus
888 2433 1014 2495 subtrita
1034 2434 1208 2495 calciamen·
1222 2443 1245 2484 2⁵

193 2525 247 2585 tis:
273 2523 356 2584 Rbus
381 2522 495 2602 Syriaci
517 2520 601 2601 all,
625 2540 742 2602 myrrae
766 2520 876 2602 lillll,
901 2525 996 2584 casiae
1020 2522 1104 2602 llll,
1127 2525 1211 2583 croci
1278 2519 1279 2604 l

193 2603 276 2694 XII,
298 2611 396 2674 mellis
414 2613 504 2672 Attici
527 2611 648 2690 cyathos
672 2610 756 2672 duos.
795 2609 941 2689 Coquitur
960 2610 1209 2672 medicamentum
1278 2605 1279 2638 ³

193 2701 274 2762 lente
301 2703 333 2762 in
361 2704 462 2762 cinere
485 2699 593 2782 calido,
621 2699 716 2760 donec
744 2701 875 2779 spissum
902 2701 965 2781 ilat,
993 2701 1150 2778 reponitur
1178 2703 1208 2760 in
1278 2721 1279 2730 ³

193 2808 263 2850 vaso
286 2807 383 2850 aereo.
1278 2791 1279 2810 ¹

137 2888 175 2937 46
283 2879 436 2938 Arteriace
460 2877 495 2939 ad
519 2876 688 2977 maridines
715 2877 776 2936 oris
804 2883 834 2936 et
857 2878 962 2956 capitis
986 2884 1016 2937 et
1038 2877 1073 2937 ad
1097 2876 1208 2956 pleuri·
1221 2887 1243 2928 ³⁰

193 2968 271 3026 ticos
299 2973 329 3026 et
356 2984 411 3045 per
438 2974 553 3027 tussem
581 2967 754 3044 sanguinem
789 2967 931 3026 eicientes
959 2965 1117 3026 conficitur
1150 2968 1208 3026 sic:

193 3054 280 3114 Passi
302 3054 413 3115 Cretici
436 3057 556 3114 sextarii
580 3053 638 3114 duo
663 3054 873 3133 decoquuntur
896 3054 932 3115 ad
957 3056 1073 3134 tertias,
1101 3054 1208 3115 deinde

193 3143 376 3204 admiscetur
399 3145 476 3204 turis
504 3145 652 3204 victoriati
680 3143 756 3203 duae
784 3145 926 3204 tertiaeve
951 3150 1064 3222 partes,
1093 3161 1208 3222 myrrae

193 3233 324 3315 dimidia,
348 3234 430 3293 croci
452 3250 524 3313 una,
547 3232 732 3312 tragacantbi
755 3230 827 3313 lll,
850 3235 978 3311 gummis
1002 3231 1072 3313 XI,
1095 3234 1209 3312 piperis

266 3368 403 3439 dequeo]
423 3384 487 3436 qua.
558 3365 794 3437 espissitudinis.
869 3374 900 3421 11
919 3367 1049 3422 tuticule.
1113 3371 1207 3437 sputo·

192 3439 299 3566 tamti,
349 3445 381 3494 13
400 3439 491 3510 terre]
510 3440 562 3494 ter.
644 3444 678 3492 33
698 3438 770 3492 duae
789 3439 819 3492 eb
835 3439 981 3494 tertiaeve.
1060 3444 1096 3493 34
1114 3439 1208 3508 trage-
