2609 4017
581 179 824 281 „116-

148 355 182 404 22
201 343 332 421 Linguae
355 341 456 403 ulcera
475 341 522 402 rel
543 341 668 420 pusulae
691 341 767 402 bene
790 343 992 421 accipiuntur,
1016 342 1042 400 si
1064 340 1145 400 oleae
1169 340 1218 401 vel

199 432 321 492 oleastri
336 449 408 492 suco
426 431 567 492 foliorum
584 439 615 492 et
635 431 758 510 sulpure
772 432 853 491 tritis
868 429 990 490 adsidue
1004 429 1216 508 peririoeutur.

147 533 181 583 23
200 520 295 581 llosae
315 519 370 581 llos
393 519 502 601 luteus,
525 519 642 580 alumen
662 522 798 600 scissum,
821 519 905 599 galla,
927 521 981 578 iris
999 521 1063 598 pari
1082 519 1217 597 pondere

199 611 298 669 omnia
321 608 480 688 diligenter
501 617 641 670 teruntur
661 619 692 669 et
710 611 771 669 oris
789 627 823 669 ac
842 607 959 687 linguae
983 609 1053 668 vitia
1076 607 1215 687 frequen-

147 711 181 760 24
199 707 247 759 ter
267 716 303 758 eo
321 698 443 776 pulvere
462 698 672 777 perfrieautur.
711 696 888 778 Cyelamiuis
912 715 1003 757 sucus
1026 695 1106 756 melli
1124 695 1240 776 Lycios

199 786 363 864 aequaliter
390 789 502 848 mixtus
529 786 658 866 lingnam
686 795 717 847 et
744 788 837 847 totius
865 788 926 846 oris
949 785 1049 846 ulcera
1073 787 1215 863 potentis-

200 878 274 936 sime
298 884 395 954 sanat,
423 894 558 937 umorem
586 894 705 956 quoque
729 884 760 936 et
781 876 919 954 pituitam
942 873 1064 953 largiter
1087 874 1215 934 infusam

147 977 181 1026 25
201 964 330 1025 deducit.
375 964 502 1025 Pusulae
526 983 595 1024 cum
618 964 718 1026 subito
742 966 772 1025 in
796 963 897 1042 lingua
919 971 1093 1043 nascuntur,
1119 965 1215 1042 prius-

200 1071 288 1134 quam
302 1053 382 1113 idem
398 1054 538 1134 loquaris,
557 1062 706 1114 extremae
721 1055 839 1114 tunicae
853 1071 911 1132 qua
925 1053 1044 1112 vestiris
1058 1069 1111 1111 ora
1125 1069 1215 1130 pusu-

199 1142 257 1203 lam
280 1150 384 1222 tanges
407 1152 437 1203 et
460 1151 507 1202 ter
529 1142 625 1203 dices:
659 1141 731 1202 'lam
755 1150 906 1203 extremus
931 1143 971 1201 sit
995 1143 1046 1220 qui
1069 1159 1117 1200 me
1140 1140 1252 1201 malem

148 1245 181 1294 26
201 1234 342 1310 nominat,
356 1239 386 1291 et
400 1233 510 1292 totiens
524 1249 614 1310 spues
629 1231 665 1291 ad
681 1240 800 1311 terram,
814 1232 916 1291 statim
932 1228 1085 1290 sanabere.
1113 1228 1216 1289 Solent

200 1322 335 1400 gingivae
359 1320 545 1399 quorundam
569 1320 664 1380 liuore
687 1320 833 1400 infestari,
855 1338 929 1398 quas
952 1327 1128 1398 praegnates
1152 1319 1215 1397 qui·

201 1408 269 1468 dam
299 1416 420 1490 vocant3
452 1417 581 1487 prosunt
606 1409 653 1469 his
681 1409 800 1470 lentisci
827 1407 896 1468 lolia
924 1406 1006 1468 arida
1034 1418 1158 1468 contusa
1187 1415 1217 1466 et

201 1495 331 1557 cribrata
354 1499 485 1558 tenuiter
507 1498 659 1576 perforate
683 1497 797 1578 cribro,
825 1497 897 1558 lacit
924 1505 954 1557 et
982 1499 1057 1556 ciuis
1083 1495 1216 1556 eiusdem

201 1585 319 1647 lentisci
342 1585 482 1647 loliorum
500 1595 675 1647 exustorum
697 1588 846 1665 inpositus
869 1593 899 1645 et
918 1604 993 1664 aqua
1013 1583 1252 1645 desdende-15

147 1687 181 1736 27
201 1677 279 1735 cocti
301 1694 336 1735 os
359 1675 473 1737 elutum
496 1677 623 1738 iuratur.
665 1675 860 1754 Conpositum
885 1674 943 1735 hoc
966 1673 1216 1734 medicamentum

200 1764 323 1843 prodest
336 1767 464 1843 gingivis
479 1772 509 1824 et
523 1765 558 1824 ad
574 1767 674 1825 omnia
692 1763 803 1843 ulcera,
823 1781 898 1841 qnae
916 1765 948 1823 in
967 1781 1019 1823 ore
1038 1763 1124 1843 fiunt,
1143 1761 1215 1822 utile

200 1860 255 1932 est,
278 1852 358 1932 qnod
382 1853 506 1914 anthera
524 1871 539 1912 a
559 1853 680 1913 Graecis
702 1851 880 1932 appellatur3
903 1854 1011 1930 recipit
1034 1851 1120 1913 haec:
1145 1850 1215 1911 Aln-

201 1942 289 2000 minis
313 1941 376 2000 lissi
397 1941 423 2000 ll
441 1941 495 2020 ΙΙΙ,
518 1959 635 2020 myrrae
659 1940 744 2021 llll,
768 1943 849 2001 croci
872 1940 955 2020 llll,
982 1942 1093 2020 cyperi,
1115 1939 1146 2000 id
1170 1949 1216 2000 est

201 2030 296 2109 iunci,
323 2029 433 2089 radicis
457 2027 482 2088 X
505 2028 558 2108 ΙΙΙ,
586 2029 679 2108 gallae
702 2030 786 2110 llll,
814 2047 899 2090 rosae
927 2029 1001 2089 lutei
1028 2029 1111 2088 lloris
1134 2027 1160 2088 X
1179 2027 1252 2108 11,ἳο

201 2115 379 2177 sandaracae
402 2117 543 2179 Ponticae
567 2117 660 2199 lllll,
683 2120 760 2180 turis
783 2117 907 2179 masculi
926 2117 952 2177 ll
970 2117 1004 2178 ll.
1041 2116 1104 2178 lloc
1123 2117 1214 2177 medi·

201 2206 315 2265 camine
338 2207 421 2267 arido
445 2209 490 2267 uti
512 2207 663 2285 oportebit
685 2208 732 2268 vel
753 2210 842 2268 etiam
861 2226 930 2267 cum
952 2206 1039 2266 mede
1062 2207 1155 2266 mixto
1178 2206 1215 2266 ad

201 2293 351 2372 parulidas
373 2303 425 2356 aut
453 2295 600 2375 epulidas,
627 2297 658 2357 id
687 2304 732 2357 est
759 2295 812 2357 ubi
839 2315 875 2356 ex
898 2304 1069 2356 transverso
1099 2297 1215 2374 gingiva

201 2391 384 2461 suppuratur
414 2383 459 2444 vel
486 2383 540 2445 ubi
569 2404 661 2465 snper
693 2392 860 2445 extremum
892 2383 1034 2445 molarem
1065 2385 1215 2444 increscit.

147 2481 181 2532 28
200 2470 323 2532 Moleste
350 2473 501 2534 interdum
529 2475 656 2552 gingivis
683 2482 714 2534 et
741 2492 848 2534 cancer
878 2491 932 2551 per
960 2492 994 2533 os
1025 2475 1132 2552 serpit,
1164 2474 1216 2552 qui
1229 2487 1254 2526 25

201 2562 281 2621 inter
307 2563 391 2623 initia
419 2563 574 2641 neglectus
601 2562 686 2624 brevi
715 2565 858 2642 temporis
880 2563 976 2640 spatio
1000 2562 1104 2621 mortis
1127 2579 1216 2622 causa

201 2660 255 2710 est.
283 2649 409 2729 Oportet
427 2669 498 2729 ergo
513 2654 727 2731 cumprimum
741 2653 823 2711 visus
837 2652 937 2731 luerit,
955 2658 1114 2729 antequam
1127 2648 1216 2710 latius

201 2746 302 2818 serpat
315 2740 476 2818 faucesque
491 2748 626 2820 occupet,
640 2742 717 2819 misy
726 2747 794 2800 usto
808 2758 895 2818 quam
906 2739 1035 2818 plurimo
1046 2757 1114 2800 cum
1128 2737 1215 2798 melle

201 2829 246 2886 nti
270 2830 402 2909 saepius,
430 2828 482 2888 sed
509 2837 578 2889 ante
606 2829 712 2889 dentes
740 2836 770 2888 et
793 2846 827 2888 os
850 2827 939 2888 collui
962 2827 1073 2888 dehent
1096 2827 1217 2888 oleastri

150 2929 183 2976 29
203 2933 278 2993 aqna
298 2915 414 2977 decocti
431 2924 483 2976 aut
501 2918 622 2977 corticis
642 2917 713 2977 mali
732 2919 854 2995 granati.
887 2917 1014 2976 Prodest
1033 2925 1063 2976 et
1080 2916 1137 2976 hoc
1155 2935 1215 2976 me·
1228 2931 1253 2970 so

202 3004 402 3064 dicamentnm
426 3006 514 3065 etiam
538 3007 570 3064 in
593 3008 674 3065 omni
696 3013 780 3084 parte
804 3007 939 3084 corporis
962 3007 1092 3084 positum
1112 3013 1216 3065 contra

202 3110 371 3172 cancerem,
400 3093 479 3171 quod
507 3102 629 3154 vocatur
656 3094 837 3174 Andronios3
866 3095 975 3172 recipit
1002 3100 1102 3154 autem
1129 3093 1216 3154 haee:

202 3179 271 3241 llali
289 3184 404 3261 granati
422 3183 543 3242 corticis
561 3181 587 3242 X
602 3181 637 3264 Χ,
662 3191 759 3243 terrae
781 3182 850 3243 mali
869 3181 995 3262 llVllll,
1014 3181 1094 3242 aloes
1113 3181 1215 3262 llllll‚

202 3288 318 3349 myrrae
337 3269 412 3351 llll,
431 3269 523 3349 gallae
544 3270 643 3352 xvir,
667 3271 805 3332 aluminis
824 3273 887 3331 fissi
905 3270 1007 3351 ΧΙΙΙΙ,
1031 3273 1109 3332 aeris
1133 3270 1215 3330 lloris

273 3403 432 3475 usulpore.
536 3412 680 3476 9quam.'
771 3411 804 3462 ts
827 3407 937 3462 mimae.
1042 3411 1077 3460 20
1097 3405 1214 3460 radices.

203 3480 236 3529 21
257 3475 427 3532 sandaricae.
482 3483 516 3532 22
531 3479 580 3550 ad]
595 3482 652 3533 aut.
709 3483 742 3532 25
758 3478 788 3532 et
800 3493 851 3532 om.
904 3495 954 3546 per
968 3493 1018 3532 om.
1072 3479 1107 3531 28
1122 3476 1213 3532 misni.

203 3550 236 3599 32
256 3546 370 3616 recepit.
443 3553 478 3602 34
496 3565 605 3618 myrrae
623 3547 690 3604 ΞΠ
707 3547 801 3618 gallae
819 3547 846 3602 Ξ
860 3547 911 3602 VH
929 3565 979 3603 om.
1051 3547 1111 3603 flos.
