2609 4017
485 192 639 257 -287
690 228 727 237 -

98 354 190 413 cinus
219 354 339 431 sanguis
367 363 509 433 exceptus
536 361 567 414 et
594 353 766 433 coagulatus
794 372 827 416 ac
856 372 948 433 super
972 353 1117 415 carbones

98 448 220 503 assatus
243 443 275 501 in
298 440 365 501 cibo
388 442 474 503 datus
494 441 669 503 mirabiliter
688 442 867 521 profluvium
885 444 999 504 ventris
1018 460 1116 502 emen-

98 530 161 591 dat.
193 529 313 591 Corvini
332 548 441 592 cornus
460 531 496 591 de
514 533 588 610 ipsis
606 531 767 612 radicibus,
786 549 861 611 qnae
880 532 971 610 capiti
983 530 1117 611 haerent,
1135 543 1169 593 99

98 617 203 680 scobis
230 618 299 679 lima
326 621 520 680 tenuissimus
547 620 644 681 iactus
672 627 703 680 et
725 621 762 681 ad
785 621 923 699 dragmae
947 637 1117 681 mensuram

68 726 172 769 soum
200 708 262 768 vini
289 710 401 769 austeri
428 708 533 788 cyatho
557 708 643 770 datus
667 710 753 769 sistet
776 711 884 770 nimios
908 710 1022 769 ventris
1045 706 1118 769 fluo-

97 814 160 877 res,
186 797 213 855 si
235 795 282 855 vel
309 796 408 857 triduo
431 797 542 875 iugiter
564 796 693 859 bibatur.
734 797 822 858 Panis
846 800 963 858 anticus
981 816 1016 857 ex
1036 796 1170 858 lacteloo

98 902 235 964 capruno
263 885 405 946 decoctus
433 893 462 946 et
490 904 572 947 more
600 886 774 947 sorbitionis
797 889 910 947 ventris
934 885 1117 947 lluxu‘labo·

98 976 182 1035 ranti
205 973 251 1033 bis
275 973 311 1033 ad
330 974 409 1035 diem
428 974 514 1035 datus
533 976 592 1035 cito
613 977 772 1035 succurrit.
804 974 897 1056 Aqua,
919 976 951 1034 in
971 993 1028 1053 qua
1048 984 1169 1034 cor-101

98 1064 179 1123 tices
206 1062 290 1123 labae
319 1062 353 1122 ad
382 1064 485 1123 tertias
509 1064 648 1124 decoctae
673 1063 797 1143 inerint,
821 1065 846 1122 si
869 1062 1002 1144 bibatur,
1025 1062 1117 1140 pluri·

54 1173 83 1211 rc
99 1170 187 1211 mum
206 1151 317 1230 cyliaco
335 1151 477 1229 proderit.
507 1151 589 1212 Folia
607 1152 657 1213 fici
675 1153 803 1213 arelacta
823 1150 894 1231 sole,
918 1150 1025 1212 deinde
1044 1160 1170 1211 con-102

99 1240 192 1300 busta
220 1248 250 1299 et
276 1241 307 1299 in
331 1241 463 1300 cinerem
485 1240 605 1301 redacta
628 1248 717 1319 atque
741 1258 777 1300 ex
800 1242 868 1301 vino
891 1248 1010 1301 austero
1033 1241 1119 1318 potui

100 1328 171 1389 data
194 1330 306 1388 ventris
329 1328 442 1389 fluxum
466 1328 627 1389 efficaciter
650 1328 763 1389 sedant.

194 1416 320 1477 Medulla
347 1419 467 1477 vaccina
495 1436 564 1477 cum
592 1418 686 1478 farina
714 1419 799 1478 tenui
826 1416 948 1479 subacta
976 1425 1007 1478 et
1032 1415 1112 1477 velut
1120 1428 1169 1476 103

101 1513 246 1567 excoctus
260 1508 346 1584 panis
360 1504 471 1566 cibatui
485 1505 551 1566 data
565 1508 640 1566 mire
655 1506 867 1586 dysintericum
883 1514 975 1584 sanat,
991 1507 1118 1565 maxime

57 1615 85 1655 15
104 1597 131 1655 si
154 1601 185 1655 et
208 1612 312 1655 caseus
336 1592 466 1654 bubulus
489 1612 595 1655 recens
619 1595 823 1655 manducetur.
860 1594 985 1672 Adipem
1009 1603 1172 1671 eamn-104

102 1700 176 1744 num
200 1683 236 1743 de
259 1682 382 1743 renibus
407 1682 555 1744 sublatum
578 1684 672 1743 misce
696 1701 764 1743 cnm
787 1681 924 1760 polentae
950 1680 1118 1741 furfuribus

102 1780 193 1851 atque
222 1770 304 1831 adice
332 1770 392 1832 illic
420 1774 570 1851 cyminum
599 1779 628 1832 et
656 1770 797 1831 anethum
821 1779 852 1831 et
875 1777 992 1830 acetum
1015 1771 1118 1847 aequis

102 1859 292 1939 portionibus
320 1867 408 1939 atque
437 1878 472 1920 ex
502 1878 577 1938 aqua
606 1860 740 1939 decoque
768 1866 798 1919 et
826 1858 953 1920 colatum
983 1857 1119 1919 sorbitio·

103 1951 151 2009 nis
181 1967 264 2009 more
292 1948 472 2028 dysinterico
501 1948 569 2009 dato
598 1948 791 2029 sumendum,
818 1950 892 2008 mire
920 1946 1118 2025 celeriterque

59 2059 89 2097 so
104 2036 273 2099 subvenies.

194 2124 252 2186 Lac
281 2125 413 2206 ovillum,
442 2125 521 2205 qnod
549 2124 745 2186 candentibus
773 2124 888 2205 glareae
911 2124 1059 2205 lapidibus
1082 2126 1171 2184 iulos

101 2218 204 2294 ipsum
237 2213 281 2274 lac
310 2214 455 2275 demersis
488 2222 687 2293 excoquatur,
720 2214 901 2294 dysinterieo
933 2216 1017 2293 potui
1049 2231 1117 2273 cum

101 2306 178 2383 ipsis
206 2302 353 2381 lapidibus
382 2303 482 2364 datum
513 2305 587 2363 mire
610 2303 746 2383 prodest,
773 2306 815 2363 ita
837 2311 950 2384 tamen,
977 2311 1012 2363 ut
1034 2304 1118 2381 prius
1186 2329 1189 2335 ·

102 2392 142 2452 de
165 2393 231 2470 ipso
255 2390 330 2451 lacte
354 2409 455 2452 serum
479 2409 565 2451 omne
589 2391 718 2451 tollatur.

61 2499 87 2541 25
196 2479 283 2540 iecur
310 2479 460 2540 hircinum
487 2482 612 2539 missum
640 2481 672 2538 in
702 2477 790 2538 ollam
821 2496 926 2538 novam
954 2494 1022 2538 cum
1052 2478 1170 2537 viniloo

102 2570 218 2629 austeri
241 2568 345 2647 cotylis
368 2586 421 2629 sex
443 2568 479 2627 ad
503 2569 607 2628 tertias
631 2566 796 2645 decoctum,
820 2566 872 2625 sed
891 2566 961 2625 dum
981 2566 1119 2642 excoqui-

102 2667 155 2718 tur
182 2665 397 2737 conpunctum,
425 2666 460 2717 ut
486 2673 573 2717 umor
603 2657 668 2715 eius
696 2673 764 2714 cum
794 2655 862 2713 rino
892 2654 1118 2733 permiscentur,

102 2752 208 2824 postea
232 2745 411 2823 dysinterioo
434 2747 520 2823 potui
543 2744 644 2805 datum
668 2742 830 2803 efficaciter
852 2741 982 2820 prodest.

194 2832 380 2912 Dysinterioo
409 2841 439 2894 et
461 2835 624 2895 torminoso
648 2842 678 2892 et
707 2833 748 2912 ei,
776 2832 828 2909 qui
857 2832 915 2890 iam
939 2835 1171 2907 corruptumtot

61 2941 88 2981 ao
104 2923 281 2999 sanguinem
309 2924 417 3003 egerit,
445 2920 674 2981 saluberrimum
701 2920 950 2980 medicamentum
979 2926 1024 2978 est
1047 2917 1119 2979 tale:

103 3008 170 3069 Alei
193 3012 291 3089 spicae
314 3009 369 3070 llll
393 3018 422 3071 et
445 3028 498 3069 ova
521 3010 580 3070 duo
602 3012 718 3069 incocta
737 3011 767 3069 in
787 3027 880 3069 unum
900 3014 1038 3069 teruntur
1057 3007 1118 3067 his·

105 3116 165 3177 que
188 3098 307 3159 additur
331 3100 392 3158 vini
415 3100 524 3158 veteris
547 3100 694 3159 sextarius
722 3107 752 3157 et
779 3100 919 3177 coquitur
941 3096 979 3157 ad
1002 3098 1118 3174 tertias3

103 3186 175 3247 inde
205 3188 338 3267 ieiunus,
367 3203 454 3265 quam
482 3186 643 3265 plurimum
671 3194 783 3267 potest,
816 3190 841 3247 si
868 3185 991 3263 biberit,
1022 3183 1118 3242 effice

104 3276 226 3335 cissime
257 3277 335 3335 intra
367 3273 500 3336 triduum
538 3284 666 3335 sanatur.
719 3274 892 3354 Spondogos
924 3279 970 3331 est
1006 3269 1113 3349 lanugo
1122 3283 1172 3332 108

197 3409 401 3464 lcoacclatos
478 3408 613 3478 tscopis
694 3412 726 3462 14
745 3405 922 3477 dysinterico.
1006 3409 1039 3461 to
1055 3409 1119 3475 post

105 3479 258 3535 furfuribus
277 3482 340 3535 aad.
359 3481 443 3535 lucta.
537 3485 569 3534 18
589 3478 795 3534 sorbitionibus.
885 3481 919 3531 21
937 3481 999 3546 posi
1016 3476 1119 3582 lapidi-

105 3553 158 3606 bus
178 3552 241 3607 odd.
261 3550 291 3605 id
311 3552 362 3607 est.
435 3555 468 3605 26
488 3550 575 3606 cotili.
648 3556 682 3605 27
702 3551 731 3607 et
748 3549 856 3604 humor.

1175 3682 1259 3909 Γ
