2609 4017
585 126 801 191 ..34-

187 289 310 371 ligatum
334 296 365 351 et
388 289 479 367 capiti
501 286 718 348 circumdatum
742 286 838 347 dolori
863 289 929 348 eius
951 286 1065 347 mederi
1084 294 1211 348 constat

188 399 244 443 uec
268 381 366 441 miuus
389 376 511 438 herbam
530 375 708 456 polygonoe,
730 394 820 455 quam
837 376 954 437 rubiam
974 394 1121 447 vocamus,
1145 377 1210 436 cir-

133 482 168 532 45
189 468 356 531 cumdatam
384 467 475 545 capiti
501 464 633 527 dolorem
661 464 767 525 tollere
794 467 911 543 experti
932 483 1045 526 sumus.
1089 464 1209 526 Remus

188 561 291 637 spinae
309 555 392 617 albae
411 554 547 633 alligatus
566 555 656 633 capiti
675 552 836 615 efficaciter
849 554 995 634 medetur,
1011 556 1114 631 senapi
1128 572 1208 633 quo

188 664 246 725 que
261 663 330 705 cum
344 653 411 705 ruta
425 651 456 705 et
470 660 545 722 aqua
563 644 669 704 tritum
688 650 718 702 et
736 641 772 702 ad
791 642 887 703 mellis
905 642 1136 705 crassitudinem
1156 660 1207 702 re-
1235 657 1248 698 5

134 748 168 797 45
187 736 316 797 dactum.
348 732 463 793 Corona
482 750 518 793 ex
533 730 624 791 herba
639 730 853 812 hierabotane,
867 750 956 810 quam
973 749 1028 792 uos
1041 730 1208 792 verbenam

134 837 169 887 47
188 824 324 902 dicimus,
348 822 424 883 lacte
445 821 594 899 capitique
614 821 745 899 inposita
762 819 879 881 dolores
898 820 984 881 tollit.
1020 819 1207 881 Cucurbitae

187 912 292 973 viridis
313 918 447 973 ramenta
468 908 593 972 cerebro
612 910 740 989 inposita
757 909 922 971 infantibus
940 927 1070 989 quoque,
1094 911 1149 988 qui
1167 928 1207 969 ex
1277 903 1278 990 l

188 1000 291 1062 dolore
328 1001 434 1077 capitis
470 1015 612 1059 nauseam
645 999 815 1078 patiuntur,
852 997 1033 1060 validissime
1064 1005 1206 1077 prosunt.
1277 1033 1278 1036 =

134 1102 169 1151 48
187 1088 287 1153 Herba
320 1097 454 1149 strumus
486 1088 614 1147 contrita
647 1094 679 1147 et
711 1104 780 1147 cum
813 1086 877 1147 oleo
909 1088 1056 1165 permixta
1091 1088 1249 1165 mpori-10

187 1187 277 1258 taque
301 1175 487 1255 temporibus
510 1185 540 1235 et
562 1182 626 1236 tote
650 1176 770 1253 corpori
793 1178 950 1255 cumipse
973 1175 1039 1237 oleo
1056 1175 1207 1254 perducta

188 1265 404 1329 incredibiliter
423 1274 454 1325 et
472 1265 577 1342 capitis
596 1262 731 1325 dolorem
748 1262 825 1324 tollit
843 1273 873 1325 et
891 1264 1074 1344 languorem,
1092 1266 1207 1343 siquis

134 1368 168 1416 49
188 1356 291 1435 luerit,
315 1371 441 1433 corpore
466 1353 597 1413 discutit.
633 1352 728 1413 Radix
749 1356 886 1432 cupressi
908 1356 1008 1415 tenuis
1031 1354 1122 1432 capiti
1145 1354 1206 1413 cir·

135 1456 169 1505 50
188 1443 327 1506 oumdata
354 1442 488 1505 dolorem
516 1443 580 1501 eius
607 1440 693 1503 levat.
738 1440 832 1503 Bacae
856 1441 932 1503 lauri
955 1443 1052 1521 inpari
1074 1459 1206 1501 numero

188 1534 334 1595 contritae
362 1539 392 1592 et
420 1530 493 1594 oleo*
512 1530 627 1595 adiecto
655 1529 750 1591 calido
778 1532 871 1591 lrouti
896 1534 1042 1611 inpositae
1064 1537 1204 1609 prosunt.
1220 1545 1247 1586 1⁵

135 1634 168 1685 51
188 1622 294 1685 Oleum
312 1640 348 1682 ex
363 1638 441 1683 nuce
455 1619 607 1705 iuglandep
617 1637 694 1698 quae
706 1620 912 1700 manducatur,
931 1635 1105 1699 expressum
1122 1618 1207 1679 sulsi-

188 1720 252 1773 tum
283 1712 389 1790 capitis
416 1708 562 1787 dolorem3
584 1710 621 1772 ¹si
649 1726 684 1769 eo
712 1708 905 1788 pertrioctur,
936 1712 1013 1769 mire
1040 1710 1205 1786 conpescit

135 1811 169 1861 52
188 1800 297 1860 Malum
316 1798 491 1878 cydoneum,
510 1796 657 1875 palmulae
672 1798 813 1876 quinque,
830 1800 985 1876 papaveris
1000 1804 1090 1875 caput
1108 1814 1205 1857 uuum

186 1888 308 1965 dempto
331 1888 446 1947 semiue
476 1903 572 1964 usque
600 1883 636 1945 ad
665 1893 806 1963 quattuor
828 1886 950 1965 cyathos
973 1904 1041 1947 oum
1065 1903 1142 1964 aqua
1166 1885 1205 1944 ad

188 1977 293 2037 tertias
323 1974 480 2036 decoctum
508 1981 539 2033 et
567 1991 635 2034 cum
664 1972 759 2035 mulsa
784 1992 861 2053 aqua
883 1977 967 2053 potui
994 1973 1095 2035 datum
1119 1972 1205 2034 valde
1222 1988 1250 2029 ao

135 2077 169 2126 53
188 2064 319 2145 prodest.
365 2062 446 2123 Folia
475 2062 544 2123 mali
570 2061 677 2123 Punici
704 2061 864 2141 diligenter
889 2064 1019 2123 coutrita
1041 2071 1071 2123 et
1094 2061 1205 2123 deinde

187 2171 278 2214 sucus
300 2166 404 2212 eorum
427 2151 473 2212 rel
495 2153 559 2229 ipsa
579 2149 643 2210 oleo
662 2153 809 2229 permixta
827 2158 966 2229 potenter
984 2153 1073 2213 etiam
1091 2152 1205 2212 invete-

188 2252 269 2302 ratos
293 2240 411 2303 dolores
434 2246 603 2318 persanant,
628 2241 654 2299 si
676 2240 746 2300 iude
769 2238 892 2300 adsidue
916 2240 999 2300 frons
1018 2246 1049 2301 et
1066 2247 1204 2319 tempora

135 2343 170 2391 54
186 2330 397 2410 peririoentur.
435 2327 509 2388 Cum
531 2326 657 2389 intrabis
676 2328 781 2389 urbem
801 2328 972 2408 quamlibet,
995 2337 1064 2389 ante
1084 2336 1204 2408 portam

188 2417 317 2499 lapillos,
346 2418 451 2496 quiin
474 2419 521 2477 via
544 2416 696 2496 iacebunt,
719 2425 793 2496 quot
815 2417 945 2479 volueris
969 2417 1074 2496 collige
1097 2417 1204 2478 dicens
1220 2433 1249 2475 aa

188 2516 290 2568 tecum
312 2508 376 2586 ipse
400 2506 436 2566 ad
460 2507 566 2585 capitis
587 2504 720 2565 dolorem
742 2514 772 2566 te
796 2506 960 2567 remedium
979 2506 1094 2588 tollere,
1116 2512 1204 2566 etex

188 2597 235 2657 his
264 2614 357 2656 unum
385 2596 476 2673 capiti
503 2594 635 2675 alligato,
662 2602 780 2655 ceteros
806 2603 874 2673 post
901 2603 1019 2675 tergum
1047 2597 1124 2655 iacta
1145 2612 1203 2655 nec

136 2698 170 2747 55
189 2694 271 2746 retro
285 2686 411 2762 respice.
442 2682 537 2762 Creta,
553 2701 627 2761 quae
642 2681 766 2743 Cimolia
780 2683 953 2765 appellatur,
968 2691 1051 2745 cocta
1066 2702 1102 2744 ex
1117 2689 1203 2743 aceto

136 2786 170 2835 55
189 2774 281 2834 fronti
308 2774 435 2850 inposita
465 2778 604 2849 potenter
631 2771 776 2831 medetur.
824 2771 873 2832 Sal
903 2792 972 2835 cum
1000 2780 1069 2833 ruta
1096 2774 1202 2833 tritum

191 2861 305 2921 adiecto
333 2858 421 2919 melle
449 2859 541 2918 fronti
572 2858 691 2919 inlitum
724 2861 925 2922 certissimum
951 2860 1118 2923 remedium
1147 2869 1202 2921 est
1216 2878 1250 2918 eo

139 2962 172 3011 57
191 2947 325 3027 Faecula,
350 2965 406 3025 qua
425 2947 586 3007 infectores
605 2954 741 3029 oriuntur,
764 2950 792 3008 si
813 2949 956 3029 spondam
975 2950 1045 3011 lecti
1062 2952 1204 3031 priorem,

191 3056 249 3117 qua
276 3039 322 3100 rir
351 3035 455 3116 cubat,
478 3036 655 3114 perunxeris
683 3044 714 3097 et
741 3038 872 3115 spondae
898 3039 997 3100 medio
1023 3037 1203 3118 inligareris,

137 3139 172 3189 ce
191 3125 310 3187 dolores
338 3126 444 3203 capitis
467 3124 653 3185 remediabis.
699 3124 744 3185 Ex
767 3125 870 3188 eadem
893 3146 982 3208 aqua,
1005 3126 1042 3187 de
1065 3144 1123 3205 qua
1147 3126 1203 3187 bos

190 3223 243 3277 aut
271 3216 373 3276 asinus
403 3213 526 3296 biberit,
549 3213 702 3293 paululum
730 3222 882 3294 sumptum
905 3222 1097 3294 et-potatum
1123 3214 1203 3276 tollit

260 3348 392 3418 4senepi
410 3354 458 3403 lm
477 3348 570 3418 sinapi
587 3353 644 3405 2m.
711 3349 890 3405 credactum
908 3365 958 3405 ern.
1019 3350 1201 3419 gembolaue.

187 3419 367 3547 dddridomia'
431 3424 465 3473 29
479 3419 617 3475 frontibus
632 3419 733 3489 posita.
788 3428 822 3475 32
842 3419 1029 3489 peruncxeris.
1084 3425 1119 3474 34
1132 3436 1200 3490 pau·
