2609 4017
577 198 615 207 -
663 161 819 225 240—
1296 110 1298 264 l

192 343 279 403 quam
303 323 393 385 alium
416 323 576 384 manducet
597 324 713 385 inlusos
737 325 769 383 iu
792 342 881 404 aqrra,
904 341 980 402 qnos
1001 324 1144 384 incoctos
1168 324 1211 383 vel

191 424 253 474 tres
281 421 332 473 aut
359 432 394 473 eo
423 412 563 492 amplius,
591 413 671 491 quod
699 420 799 473 tamen
827 430 886 473 non
910 414 950 473 sit
972 414 1116 492 nimium,
1147 414 1210 473 sine
1296 405 1298 504 l

191 520 266 579 pane
290 502 469 563 manducare
493 500 589 562 dehet
1296 507 1297 588 j

138 606 171 655 66
279 590 357 651 Ν1661
383 590 443 652 albi
470 590 642 652 matronalis
665 590 772 669 pilulas
797 592 929 670 quinque
957 589 1005 651 vel
1031 597 1153 670 septem
1180 592 1211 650 16
1296 605 1297 670 j

192 686 275 741 aceto
303 681 448 740 acerrimo
478 679 588 760 solves,
616 698 652 740 ex
682 698 740 758 quo
769 678 902 759 singulos
930 678 1053 758 cyathos
1078 697 1136 757 per
1159 680 1234 739 tri-s

139 784 172 832 57
193 769 285 828 duum
312 767 426 829 lienoso
449 770 550 829 ieiuno
573 768 719 829 bibendos
742 768 834 829 dabis.
876 766 976 828 Herba
998 770 1152 828 vettonica
1173 786 1208 827 66
1296 797 1297 804 1

193 858 260 917 vino
283 856 406 917 decocta
430 865 460 917 et
482 859 567 935 potui
589 856 711 917 lienosis
735 857 803 918 data
825 857 989 936 plurimum
1012 856 1147 936 prodest
1296 861 1297 864 ’

137 957 171 1006 58
280 944 313 1005 Si
336 947 404 1024 quis
426 945 463 1006 de
487 944 589 1024 splene
612 948 688 1007 asini
706 946 836 1010 arefacto
855 946 978 1007 cottidie
996 947 1119 1005 ieiunus
1138 963 1208 1023 pau-

190 1034 289 1095 sillum
311 1035 479 1115 manducet,
502 1036 544 1095 ita
566 1041 706 1114 potenter
729 1035 891 1117 sanabitur,
913 1043 948 1095 ut
970 1036 1050 1095 intra
1074 1033 1208 1094 triduum

138 1123 303 1184 6966111666
331 1123 456 1185 remedii
483 1123 573 1184 huius
602 1131 750 1204 appareat.
796 1124 895 1185 Herba
917 1123 1055 1203 hippuris
1079 1124 1245 1184 contritam

191 1221 221 1273 et
244 1231 312 1274 cum
335 1215 403 1273 vino
427 1220 547 1273 austero
571 1221 623 1273 aut
646 1232 716 1275 oum
738 1212 865 1293 oxymeli
891 1214 977 1292 potui
1006 1212 1076 1273 data
1101 1219 1207 1291 poten·
1296 1221 1297 1274 l

138 1304 306 1362 tutissime
334 1301 456 1363 lienosis
480 1304 638 1363 succurrit.
681 1300 815 1363 Hederae
838 1301 987 1362 silvaticae
1010 1303 1116 1379 nigrae
1140 1300 1210 1360 lolia

192 1392 320 1451 contrita
339 1398 369 1451 et
387 1409 424 1451 ex
438 1392 506 1451 rino
522 1392 607 1470 potui
621 1390 689 1451 data
702 1390 825 1452 lienosis
839 1392 965 1452 maximo
979 1389 1090 1451 auxilio
1110 1398 1208 1468 erunt,

191 1482 233 1540 ita
251 1487 285 1540 66
302 1481 399 1558 primo
419 1479 466 1540 die
484 1481 549 1559 tria,
568 1479 676 1541 deinde
691 1482 833 1561 quinque,
852 1481 940 1541 tertio
955 1485 1080 1559 septem,
1100 1486 1208 1557 quarto

192 1587 306 1651 novem,
326 1572 429 1647 quinto
444 1569 593 1649 undecim,
612 1576 695 1629 serto
710 1570 865 1648 tredecim,
884 1570 1010 1647 septimo
1026 1566 1209 1647 quindecim,
1222 1580 1247 1621 1⁵

192 1666 295 1719 octavo
319 1656 406 1740 XVll,
430 1676 508 1718 nono
532 1656 646 1739 XVllll,
670 1659 785 1719 decimo
809 1656 877 1717 XXl
900 1657 1017 1717 dentur.

139 1758 171 1807 61
280 1745 477 1807 Utilissimum
499 1746 621 1808 lienosis
643 1747 701 1807 hoc
719 1746 886 1807 remedium
905 1753 963 1807 est:
987 1743 1100 1823 Caprae
1119 1744 1208 1804 lacta-

191 1854 240 1896 res
268 1834 456 1897 ahstinentur
484 1854 501 1896 a
529 1835 595 1896 cibo
627 1854 683 1915 per
714 1835 864 1916 triduum,
896 1835 985 1895 tertio
1017 1833 1067 1893 die
1095 1832 1208 1893 hedera

191 1924 395 1985 tantummodo
426 1932 598 1985 saturantur
625 1933 656 1985 et
680 1924 871 2005 mulguntur,
903 1930 1061 2002 antequam
1089 1920 1208 2002 bibant,

191 2014 218 2073 si
249 2030 285 2073 66
318 2030 353 2072 66
385 2011 461 2073 16666
494 2014 640 2073 sextarios
670 2021 733 2074 tres
760 2031 815 2092 per
842 2012 975 2078 triduum
1003 2010 1116 2071 calidos
1151 2019 1246 2071 sta-2⁰

191 2102 258 2181 tim,
288 2100 435 2179 quomodo
464 2099 553 2162 mulsi
584 2102 712 2182 luerint,
741 2104 860 2162 ieiunus
891 2100 1023 2161 lienosus
1055 2100 1208 2178 acceperit

190 2191 244 2270 ita,
268 2199 301 2249 ut
325 2187 422 2248 nullos
449 2188 522 2249 alios
550 2189 633 2251 cibos
661 2190 711 2251 illo
739 2190 840 2251 triduo
866 2189 1037 2269 manducet,
1064 2194 1207 2268 potenter

190 2276 351 2339 sanabitur.
693 2303 695 2308 ·

138 2378 171 2429 62
279 2365 412 2427 lrenacei
440 2366 499 2427 lien
522 2386 607 2427 assus
629 2369 662 2427 16
685 2366 752 2428 cibo
776 2375 913 2445 sumptus
936 2366 1083 2426 lienosum
1107 2365 1206 2426 effica-

137 2468 170 2517 63
190 2457 266 2517 61666
289 2473 395 2517 curare
413 2456 518 2517 fertur.
555 2455 733 2535 Vulpeculae
753 2458 843 2518 etiam
860 2458 945 2516 iecur
963 2454 1081 2515 aridum
1100 2456 1207 2515 tritum
1220 2467 1245 2509 2⁶

138 2556 172 2605 64
191 2562 259 2605 cum
286 2544 414 2624 oxymeli
441 2546 542 2605 datum
572 2544 694 2605 lienosis
725 2546 801 2605 mire
833 2544 978 2607 medetur.
1029 2542 1207 2605 Coclearum

191 2632 415 2695 combustarum
435 2636 510 2695 cinis
533 2651 601 2693 cnm
624 2633 679 2694 lini
703 2636 815 2694 semine
839 2640 928 2712 atque
951 2634 1066 2694 urticae
1090 2634 1206 2693 semine

192 2724 281 2783 tritus
300 2722 416 2783 adiecto
435 2721 532 2803 melle,
556 2722 635 2801 quod
654 2724 726 2783 satis
746 2721 903 2802 videbitur,
927 2721 1049 2782 adsidue
1067 2740 1086 2781 a
1103 2722 1206 2783 ieiuno
1296 2725 1297 2732 ’

138 2821 171 2869 66
193 2809 304 2870 lienoso
328 2818 469 2888 acceptus
492 2813 571 2871 intra
593 2808 706 2889 paucos
726 2811 789 2871 dies
809 2828 877 2871 eum
897 2810 1019 2871 sanabit.
1056 2809 1206 2871 Lienosus

191 2897 310 2975 oxyfera
334 2898 455 2959 adsidue
479 2898 582 2959 bibere
606 2898 696 2961 debet
718 2907 749 2960 et
771 2899 842 2960 dum
866 2906 998 2979 curatur,
1017 2901 1048 2959 16
1066 2906 1205 2960 ventrem
1218 2913 1244 2953 eo
1296 2895 1297 2976 l

136 2996 170 3046 66
191 2983 280 3044 debet
301 2987 407 3046 iacere.
444 2986 522 3047 Ruta
540 3006 609 3048 cum
627 2988 714 3067 adipe
732 2990 870 3049 anserino
889 2987 936 3049 rel
953 2987 1117 3067 gallinaceo
1135 3006 1205 3049 con-

137 3085 171 3135 67
192 3074 261 3134 trita
284 3091 382 3151 panno
405 3074 526 3135 inducta
550 3084 580 3137 et
602 3075 673 3138 lieni
697 3078 826 3156 inposita
844 3078 928 3138 sedat
947 3076 1088 3138 dolorem.
1122 3076 1205 3137 Ster-

192 3181 246 3225 cus
265 3180 412 3241 aprunum
427 3165 540 3225 siccum
555 3168 718 3227 contritum
733 3184 769 3226 ex
783 3168 850 3227 rino
864 3168 950 3245 potui
963 3166 1065 3227 datum
1078 3165 1206 3245 pulchre

191 3270 251 3312 non
275 3251 371 3312 solum
394 3251 514 3335 splenis,
538 3254 590 3313 sed
614 3262 644 3315 et
667 3257 784 3315 renium
807 3254 903 3315 dolori
925 3255 1071 3315 medetur.

281 3394 313 3441 11
339 3387 479 3459 oxymelli.
535 3394 568 3443 19
591 3390 756 3460 mulguninr
775 3390 845 3460 (sic).
900 3396 934 3446 20
952 3390 1089 3462 triduum]
1110 3389 1207 3445 duum.

163 3473 165 3484 ¹
191 3464 226 3512 24
244 3457 387 3515 irenascei.
451 3464 486 3513 ao
504 3474 601 3515 curare
619 3461 721 3533 fertur]
739 3478 850 3516 arcurre
868 3461 995 3517 refertur.
1057 3459 1205 3530 uulpiculi.
1296 3509 1297 3514 ,

192 3533 226 3581 26
244 3529 375 3585 oximelli.
448 3533 483 3582 28
502 3529 621 3586 adlecto.
694 3538 728 3587 29
747 3535 885 3601 acceptos.
958 3533 1147 3587 timedatur.
1296 3549 1297 3556 ¹

10 3930 22 3970 a
77 3681 220 3971 ‘t
