2609 4017
505 208 729 273 ..43-

107 378 204 448 gatar.
243 366 361 429 Semine
386 367 484 429 salicis
508 372 636 431 contrito
661 377 751 449 caput
773 369 887 430 lautum
911 369 1044 431 furfures
1062 372 1122 432 nito
1144 384 1176 433 18

108 458 209 517 deicit
246 455 307 518 Oro
331 456 493 534 gallinaceo
511 465 602 537 caput
619 458 746 539 inlinito,
770 466 872 537 postea
891 476 966 537 aqua
985 458 1031 519 vel
1050 476 1123 519 suco
1145 473 1177 522 12

107 545 220 607 herbae
243 545 427 625 cyclaminis,
451 564 526 625 quae
550 546 728 608 orbicularis
750 546 874 627 dicitur,
901 554 991 625 caput
1014 547 1123 608 lavato:

108 634 166 695 hoc
197 643 284 714 paeto
311 633 414 695 lendes
443 638 540 697 necati
567 635 644 696 ultra
673 653 733 695 non
756 642 964 697 renascuntur.
1004 635 1123 696 Puerile
1142 648 1177 698 2ο

78 724 215 783 alotium
238 725 318 784 nitro
341 722 505 784 admixtum
528 725 628 785 ulcera
653 743 728 804 quae
746 733 909 803 erumpunt
926 724 1007 784 lauto
1026 726 1122 803 capite

107 814 185 871 mire
213 810 337 872 delinit:
368 820 526 890 expertum
558 813 732 875 remedium.
779 813 879 874 Cornu
908 815 1062 873 cervinum
1091 814 1122 873 in
1142 826 1175 876 21

108 900 230 961 scobem
253 900 387 961 limatum
411 910 533 963 etcum
556 904 624 963 rino
647 910 752 981 potum
779 900 881 962 leudes
909 910 1013 963 enecat
1038 919 1122 962 rena-

107 992 213 1068 seique
231 1005 292 1048 non
310 992 430 1067 patitur.
466 989 589 1052 Stercus
609 991 772 1051 serotinum
790 992 858 1050 vino
876 992 1034 1051 inmixtum
1053 1009 1122 1051 cum
1142 1004 1176 1053 22

106 1095 176 1138 rosa
199 1076 320 1157 liquida,
343 1076 373 1139 id
396 1086 444 1139 est
466 1097 552 1140 rosae
575 1096 657 1159 suco,
680 1078 784 1139 lendes
801 1079 1046 1158 pedunculosque
1064 1078 1123 1140 dis·

64 1186 90 1225 1o
106 1168 232 1227 cruciat.
274 1164 354 1226 Pelle
383 1166 466 1229 rituli
495 1176 585 1246 caput
607 1176 788 1247 perunctum
810 1167 914 1229 lendes
936 1169 1122 1228 exterminat.
1141 1180 1175 1229 23

107 1256 260 1335 Arungiae
283 1257 393 1316 veteris
417 1258 577 1336 semuncia,
601 1260 663 1317 sevi
686 1258 802 1336 caprini
823 1259 983 1336 semuncia,
1006 1258 1122 1317 rasione
1142 1268 1176 1317 24

105 1344 278 1423 perlucidae
298 1346 458 1425 semuncia,
477 1345 616 1406 aluminis
634 1345 786 1405 infectorii
805 1347 965 1406 semuncia.
997 1344 1123 1405 Alumen

104 1442 188 1495 teres
216 1434 247 1493 in
276 1436 432 1514 mortario,
461 1442 561 1495 cetera
587 1436 650 1513 igni
677 1434 808 1494 resolves
835 1441 866 1493 et
893 1433 1058 1493 condredus
1088 1451 1123 1493 ac

105 1524 151 1583 sio
179 1521 238 1581 leni
267 1539 375 1600 vapore
403 1522 531 1583 deficere
559 1522 605 1583 vel
633 1524 760 1602 excoqui
788 1524 893 1603 iacies,
920 1530 955 1582 ut
981 1523 1123 1581 exomni

62 1630 89 1669 15
105 1610 295 1671 coniectione
323 1612 411 1670 uncia
437 1611 641 1675 medicaminis
670 1618 777 1690 restet;
805 1618 870 1670 tum
897 1617 987 1687 caput
1009 1608 1123 1669 lautum

105 1700 267 1777 diiigenter
292 1706 380 1777 atque
407 1702 550 1760 siccatum
577 1698 634 1760 hoo
661 1698 857 1759 medicamine
880 1714 1031 1776 perunges
1055 1714 1123 1775 por-

105 1790 295 1866 riginemque
317 1787 471 1847 discuties.
513 1787 640 1849 Scobam
664 1789 788 1849 citream
811 1805 846 1847 ex
870 1804 946 1865 aqua
968 1784 1123 1845 defervere
1142 1799 1177 1848 ab

105 1877 199 1937 iacies
222 1877 395 1955 nitrumque
419 1894 557 1955 asperges
581 1884 670 1955 atque
693 1874 763 1936 iude
791 1882 881 1955 caput
902 1876 1123 1954 porriginosum

105 1972 226 2044 oportet
249 1963 355 2025 lavare.
396 1963 480 2025 Fimo
499 1964 611 2025 bubulo
634 1974 703 2025 usto
726 1982 832 2025 sucum
855 1963 942 2025 betae
963 1963 1124 2024 admisceri
1142 1978 1177 2027 22

59 2072 91 2112 ao
107 2063 199 2133 atque
221 2053 291 2114 inde
310 2060 400 2131 caput
418 2055 637 2131 porriginosum
657 2053 749 2113 lavari
766 2061 893 2133 oportet.
936 2051 1123 2131 Porriginem
1142 2067 1176 2117 at

105 2143 314 2221 potentissime
338 2141 393 2201 bac
416 2143 538 2220 potione
563 2142 719 2221 purgabis:
747 2144 947 2202 rosmarinum
969 2148 1050 2201 teres
1073 2158 1122 2201 su·

106 2248 238 2309 eumque
266 2233 331 2291 eius
359 2232 427 2289 vino
455 2230 501 2290 rel
529 2249 605 2310 aqua
633 2230 773 2309 scripulis
801 2230 898 2291 tribus
921 2229 1005 2291 dabis
1028 2232 1122 2308 potui,

106 2319 161 2379 sed
190 2320 242 2397 qui
269 2320 361 2379 sumit
393 2336 484 2397 supra
513 2318 601 2379 brnen
630 2320 753 2380 adsistat
780 2318 870 2398 idque
899 2318 999 2379 triduo
1027 2318 1122 2379 iaciat.

106 2407 255 2467 Fraxineo
274 2408 375 2469 cinere
394 2406 523 2467 lixiviam
543 2416 688 2469 maturam
707 2410 796 2469 nimis
814 2408 905 2469 iacies
924 2425 1018 2486 eaque
1033 2413 1123 2485 caput
1141 2415 1176 2467 28

61 2513 92 2555 aa
108 2495 220 2556 lavabis
247 2497 278 2555 in
306 2494 426 2577 balneo;
454 2496 532 2575 quod
560 2514 628 2557 oum
659 2500 831 2577 siccaveris,
859 2513 1001 2574 saponem
1025 2502 1056 2555 et
1078 2512 1123 2554 ar·

106 2586 191 2663 genti
209 2602 344 2662 spumam
364 2592 502 2645 conteres
521 2602 615 2663 eoque
633 2594 724 2663 caput
737 2584 913 2663 perfricabis
928 2584 1123 2662 porriginem·

107 2691 167 2751 que
191 2672 412 2753 exterminabis,
438 2674 466 2731 si
488 2674 579 2751 capiti
601 2673 682 2734 lauto
706 2683 795 2750 atque
818 2674 928 2732 siccato
951 2668 1009 2730 boo
1032 2669 1124 2730 medi·

107 2779 212 2822 samen
241 2761 403 2822 addideris:
431 2760 536 2821 Cretae
560 2761 700 2822 Cimoliae
723 2760 755 2821 P.
778 2759 804 2839 l,
831 2762 905 2821 uitri
932 2758 1125 2820 Alexandrini

107 2850 140 2910 P.
159 2850 181 2929 l,
203 2849 357 2929 sulphuris
379 2851 438 2909 vivi
456 2848 487 2909 P.
507 2848 533 2930 l3
556 2849 629 2910 haec
652 2851 751 2911 omnia
771 2848 940 2909 tunduntur
959 2856 1048 2928 atque
1066 2849 1123 2908 ori·

63 2958 93 2999 ao
107 2938 235 3000 brantur
258 2946 288 2999 et
310 2940 402 3019 capiti
423 2939 612 3017 porrigiuoso
634 2940 828 3018 inponuntur.
864 2936 932 2998 blali
950 2936 1056 2998 Punici
1075 2954 1123 2996 co·
1143 2948 1177 2997 29

107 3030 188 3089 rium
211 3046 251 3088 ex
279 3035 362 3088 aceto
391 3029 530 3106 coquitur
559 3036 591 3087 et
617 3045 708 3088 sucus
733 3029 799 3088 eins
823 3028 913 3105 capiti
935 3027 1139 3111 porriginoso·

107 3118 262 3196 inponitur
285 3124 316 3176 et
339 3116 514 3194 frequenter
537 3114 683 3195 abluitur,
707 3118 748 3176 ita
771 3123 859 3176 utet
881 3117 979 3193 ipsum
1002 3130 1122 3192 pomum

108 3212 266 3265 excoctum
288 3212 402 3265 teratur
426 3212 457 3265 et
481 3205 524 3263 sio
548 3206 740 3281 exprimatur.
773 3202 881 3264 dnetbi
900 3201 1013 3263 surculi
1032 3217 1123 3261 uruu·
1142 3212 1178 3261 ab

107 3301 160 3353 tur
184 3294 307 3372 eiusque
325 3292 458 3371 pulveris
481 3290 605 3352 cribrati
627 3324 665 3335 -
681 3292 702 3372 l,
726 3292 883 3353 ciebarbae
904 3320 942 3333 -—
958 3288 999 3349 lIl
1021 3290 1122 3350 remit-

67 3398 94 3441 ae
108 3389 154 3442 tes
178 3382 209 3441 in
232 3380 292 3441 olei
309 3378 340 3440 θ
355 3380 368 3441 Ι
391 3388 422 3441 et
439 3380 550 3442 adicies
568 3379 661 3459 gallae
680 3388 785 3441 tunsae
805 3381 986 3440 semunciam
1004 3377 1124 3440 inlines·

182 3572 198 3621 6
217 3565 319 3623 delinit
335 3568 450 3637 scripsi.-
473 3566 620 3623 deliniunt.

1116 3785 1232 3973 Γ
