2609 4017
585 154 826 218 -174-

144 326 177 376 25
286 315 368 377 Alter
387 315 523 395 pastillus
537 315 572 376 ad
588 318 742 395 sanguinis
757 318 945 396 eruptionem
958 315 1084 376 mirifice
1098 315 1216 376 faciens

197 406 306 484 accipit
328 405 412 466 haee:
447 404 643 482 Tragacanthi
668 404 692 464 ll
718 404 807 486 VIIII,
834 405 948 466 Samiae
976 413 1075 466 cretae
1102 403 1129 464 ll
1153 403 1215 482 Vll,
1291 423 1292 426 ¹

196 502 282 555 rutae
305 492 445 555 Ponticae
469 492 604 572 XVIIII,
634 494 834 574 glycyrrhizae
863 496 928 555 suci
950 493 976 553 X
995 493 1032 574 V,
1061 493 1214 572 symphyti

197 585 263 644 suci
285 581 311 642 Χ
331 581 390 662 vil,
413 584 542 661 gummis
566 581 672 662 llIlll,
695 582 897 662 hypocistidos
921 585 986 644 suci
1004 581 1030 642 ll
1049 581 1109 662 Vll,
1133 584 1213 642 turis

197 671 222 731 ll
241 671 278 751 V,
305 671 444 732 aluminis
471 670 578 751 liquidi
601 670 627 730 li
645 670 682 751 V,
710 673 771 750 opii
794 671 819 731 ll
838 671 871 752 V,
898 671 985 750 amyli
1009 669 1103 750 xvi,
1133 689 1239 750 myra

195 777 246 820 rae
274 759 299 819 ll
323 759 359 840 V,
387 761 468 821 croci
496 757 609 840 XVII,
640 759 818 839 plantagInis
847 761 912 821 suci
939 759 964 819 ll
994 758 1035 819 llI
1067 766 1097 820 et
1129 763 1210 838 passi

195 847 312 928 Myconi
336 848 415 927 quod
439 850 511 909 satis
534 849 593 908 crit
616 851 695 910 tritis
717 848 876 927 diligenter
895 867 984 928 supra
1003 849 1125 926 scriptis
1144 866 1211 927 spe·
1293 895 1294 900 1

195 936 299 998 clebus
322 936 507 1017 miscebitur,
530 939 603 998 fient
623 937 734 1016 pastilli
758 937 793 998 ad
813 936 950 997 denarios
969 935 1104 1015 singulos
1123 937 1209 996 etad

194 1027 344 1105 semisses,
367 1028 420 1105 qui
442 1045 496 1106 pro
520 1033 615 1087 aetate
634 1033 685 1087 aut
706 1025 818 1086 viribus
836 1027 948 1087 infirmi
965 1044 1002 1086 ex
1021 1043 1114 1104 aquae
1135 1028 1209 1104 tepi-

194 1114 249 1175 dae
272 1115 385 1194 cyathis
408 1114 506 1176 tribus
528 1116 628 1175 ieiuno
653 1114 811 1175 dabuntur.
1223 1133 1246 1172 ao

142 1213 175 1262 aa
283 1204 328 1264 td
351 1206 544 1265 reiectionem
567 1205 720 1282 sanguinis
748 1221 784 1264 ex
812 1221 864 1264 ore
888 1204 1036 1263 manantis
1059 1203 1211 1282 symphyti

195 1292 278 1352 radix
306 1295 338 1352 in
365 1295 433 1353 vino
461 1293 583 1354 decocta
607 1292 767 1354 salubriter
792 1291 918 1372 bibitur,
945 1290 1064 1370 lIgustri
1088 1309 1210 1371 quoque

194 1397 299 1440 sucum
327 1383 427 1442 ieIuno
451 1400 505 1460 per
533 1381 666 1442 triduum
695 1381 776 1461 dato,
804 1382 903 1442 statim
932 1379 1104 1460 subvenies3
1132 1398 1209 1458 quae

141 1479 174 1528 aa
194 1487 243 1529 res
267 1478 296 1529 ct
320 1472 491 1530 torminosis
514 1479 544 1530 et
568 1471 756 1549 dysintericis
779 1478 826 1530 est
849 1467 984 1529 salubris.
1018 1467 1050 1528 Si
1073 1486 1108 1528 ex
1134 1486 1208 1548 quo·

194 1576 322 1637 eumque
354 1561 489 1638 corporis
521 1559 585 1618 loco
617 1560 738 1637 sanguis
765 1576 820 1636 pcr
848 1557 1057 1619 abundantiam
1085 1559 1208 1618 nimiam
1224 1577 1248 1617 aa

193 1646 338 1708 exuberet
356 1657 387 1707 ct
404 1648 486 1729 lluat,
506 1647 616 1708 herbae
635 1646 761 1708 Sabinae
781 1665 881 1727 sucus,
901 1653 1028 1724 quantus
1048 1644 1208 1726 videbitur,

193 1737 254 1796 sive
283 1736 386 1796 viridis
414 1739 475 1797 siae
504 1739 600 1797 siccae
630 1737 775 1797 contritae
806 1755 842 1796 ex
875 1737 942 1795 vino
973 1736 1072 1812 picato
1106 1744 1209 1796 vetere

192 1826 305 1902 optimo
332 1827 432 1885 ieiuno
462 1844 515 1905 per
547 1824 680 1886 triduum
712 1824 845 1906 dabitur,
877 1823 993 1884 sanabit
1019 1822 1093 1883 haec
1122 1826 1209 1902 potio
1296 1823 1297 1862 l

192 1915 280 1972 etiam
304 1914 335 1971 in
359 1915 435 1972 vitae
458 1914 629 1974 discrimine
653 1916 858 1974 constitutum.
895 1911 979 1973 Facit
1001 1919 1101 1972 autem
1119 1920 1153 1972 et
1171 1913 1208 1973 ad

192 1999 303 2060 colicos
331 2009 362 2060 et
388 2001 423 2060 ad
454 2000 665 2082 dysIntericos,
694 2002 803 2081 quibus
831 2010 929 2063 tamen
958 2000 1080 2061 decocta
1108 2001 1208 2062 datur.
1222 2021 1249 2060 ao

138 2098 173 2147 28
192 2087 249 2158 Qui
272 2086 372 2149 subito
395 2092 548 2167 sanguiuis
570 2093 683 2152 vomitu
707 2090 835 2173 laborat,
863 2089 1016 2151 corallium
1044 2097 1208 2150 contusum
1297 2091 1298 2106 ¹

191 2186 222 2237 et
249 2178 280 2236 in
310 2177 460 2256 pulverem
488 2179 642 2240 redactum
670 2197 706 2240 ex
734 2181 854 2259 potione
877 2180 969 2240 mixta
992 2177 1086 2239 calida
1113 2178 1209 2240 bibat.

138 2274 171 2325 29
280 2265 323 2325 td
347 2269 488 2328 vomitum
517 2270 641 2329 niqum
668 2268 892 2347 reprImendum
915 2267 1046 2347 sulpuris
1069 2268 1128 2327 vivi
1153 2287 1208 2347 pu·

191 2351 289 2415 sillum
313 2362 343 2415 et
365 2374 501 2416 rasamen
524 2357 561 2418 de
585 2375 680 2418 cornu
704 2359 785 2418 cervi
807 2356 982 2418 tantundem
1009 2357 1041 2416 in
1064 2373 1120 2415 ovo
1143 2375 1208 2416 sor-

137 2454 172 2504 30
190 2441 243 2505 bili
266 2445 370 2505 tritum
394 2455 423 2506 et
446 2448 625 2524 permixtum
649 2445 712 2506 bibi
735 2446 807 2506 utile
831 2453 885 2506 cst.
931 2443 997 2524 llis,
1026 2446 1079 2524 qui
1102 2443 1207 2506 cibum
1221 2462 1246 2504 aa

189 2550 251 2593 non
274 2535 437 2616 continent,
460 2534 540 2595 aloes
563 2537 719 2596 minimum
743 2553 811 2596 cum
830 2533 936 2613 frigida
955 2552 1030 2612 aqua
1049 2535 1136 2612 potui
1156 2533 1207 2594 da-

136 2633 169 2681 31
189 2631 254 2682 tum
276 2622 437 2701 plurimum
460 2624 592 2703 prodest
625 2623 827 2684 Personaceae
846 2621 956 2684 herbae
974 2621 1057 2684 radix
1076 2631 1209 2684 contusa

188 2710 304 2771 adiecto
327 2713 444 2772 modico
468 2711 528 2772 sale
552 2720 582 2774 et
604 2714 673 2772 vino
696 2730 798 2791 sparsa
826 2721 857 2773 et
882 2710 1005 2772 cottidie
1028 2728 1137 2771 recens
1163 2714 1207 2772 in-

188 2801 284 2877 posita
308 2817 399 2878 super
422 2807 569 2861 tumorem
593 2801 737 2862 stomachi
760 2802 889 2862 vomicas
913 2817 1016 2861 omnes
1039 2818 1095 2878 per
1114 2799 1207 2861 sudo·

135 2897 169 2946 32
190 2904 252 2946 rem
276 2890 537 2968 emanationesque
560 2889 692 2951 occultas
715 2898 852 2968 potenter
876 2897 1029 2968 expurgat.
1065 2887 1205 2950 Mandra·
1219 2906 1245 2946 ao

188 2991 277 3052 garae
300 2974 389 3056 drag,
411 2976 581 3056 hyoscyami
603 2978 788 3059 tantundem,
810 2979 987 3057 opopanacis
1008 2977 1097 3058 idem,
1120 2980 1206 3040 croci

189 3061 282 3123 Siculi
310 3064 497 3145 tantundem,
528 3083 645 3145 myrrae
673 3075 768 3148 atque,
790 3068 867 3128 turis
895 3065 1044 3146 similiter,
1071 3068 1207 3144 gummis

277 3234 473 3306 dclyceriaae.
565 3254 624 3307 sym
647 3237 708 3295 niti.
799 3239 915 3293 acerba
938 3235 997 3309 opii
1015 3233 1090 3305 XV,
1114 3237 1207 3306 amyli

187 3303 214 3358 Ξ
227 3304 275 3374 VI,
294 3323 404 3376 myrrae
422 3305 449 3360 Ξ
463 3307 497 3375 V,
516 3310 589 3362 croci
646 3309 700 3363 VII
718 3324 769 3364 om.
855 3309 999 3364 lmiconi.
1085 3309 1205 3363 8fiant.

188 3381 220 3430 11
240 3377 384 3447 symphibi
472 3384 506 3432 14
524 3379 707 3436 disentericis.
789 3385 823 3434 20
842 3379 1028 3435 disintericos.
1102 3383 1138 3434 at
1158 3394 1205 3432 ra·

187 3447 297 3570 pompa]
316 3448 438 3504 rumenti
456 3449 616 3505 conatos.
672 3453 706 3505 26
726 3453 771 3505 eat
782 3456 847 3520 post
865 3450 934 3506 utile
953 3467 1002 3505 om.
1054 3455 1089 3504 26
1108 3449 1203 3520 putui.
1297 3457 1298 3512 l

207 3523 220 3570 1
259 3518 402 3585 yoaciemi.

142 3608 192 3615 .—
