2609 4017
483 200 723 265 -293-

95 369 200 423 autem
228 380 302 423 anus
328 364 386 425 erit
409 363 530 442 specillo
553 363 629 443 lycio
651 363 788 424 Patarico
811 361 856 423 vel
879 362 980 424 lndico
1003 381 1040 423 ex
1063 382 1110 423 ca-

94 451 159 511 lido
182 451 261 511 rino.

188 538 349 618 Collyrium
367 538 425 599 boo
439 540 631 621 iniciendum,
650 539 729 617 quod
744 546 772 599 et
787 538 824 599 ad
838 557 954 599 omnem
969 538 1109 599 deiectio·
1127 550 1145 598 4

96 646 170 688 nem
193 634 224 687 et
245 629 373 688 tormina
396 626 472 688 bene
493 628 572 709 lacit,
596 629 753 689 conficitur
772 629 829 688 sic:
852 627 974 688 Acaciae
993 635 1024 687 et
1041 627 1111 688 mali

67 718 217 795 sgranati
235 718 356 777 corticis
375 718 446 796 usti,
468 717 652 795 singulorum
673 715 699 775 ll
717 724 888 797 quaternos,
909 716 1111 795 bypoclstidos

96 812 130 865 et
159 802 246 884 rbus,
275 822 334 883 quo
357 806 478 866 coriarii
500 812 640 884 utuntur,
664 812 695 864 et
717 806 791 884 opii,
815 804 999 883 singulorum
1023 804 1111 865 dena·

97 893 163 952 rios
186 910 284 972 senos,
307 891 444 971 omphaci
461 892 487 952 Χ
506 892 559 952 llll
578 892 608 972 8,
632 894 714 953 croci
732 891 757 953 li
776 890 838 952 llll.
869 891 1020 953 'leruntur
1038 893 1111 953 hacc

97 982 200 1041 omnia
228 989 258 1042 et
286 979 458 1042 cribrantur
485 979 657 1060 diligenter,
684 989 786 1059 postea
814 982 882 1040 vino
909 988 1029 1041 austero
1053 979 1111 1041 col-

100 1068 237 1147 liguntur
259 1068 306 1129 vel
329 1076 532 1148 temperantur
556 1077 586 1129 et
604 1070 681 1129 fiunt
699 1069 819 1149 collyria
837 1068 1039 1147 magnitudine
1058 1087 1112 1130 nu·

58 1178 85 1217 10
102 1157 237 1218 oleorum
260 1158 417 1236 pineorum
441 1165 470 1218 et
494 1176 563 1218 cum
586 1176 663 1237 opus
685 1157 784 1237 luerit,
808 1174 864 1217 ano
886 1159 1058 1217 iniciuntur.

190 1244 234 1305 td
258 1244 419 1306 lumbricos
442 1252 570 1325 prosunt
587 1245 760 1307 huiusmodi
777 1246 1020 1324 compositiones:
1045 1244 1147 1305 Ser-5

99 1330 175 1412 pulli
193 1332 287 1393 lilIll
306 1336 369 1395 triti
387 1336 417 1395 in
437 1352 572 1395 cremore
591 1333 758 1414 lenticulae,
778 1343 921 1413 quantum
940 1335 1001 1394 sint
1014 1332 1113 1413 cyathi

100 1422 169 1503 duo,
193 1422 255 1482 dati
276 1421 323 1482 vel
345 1424 409 1501 ipsa
432 1422 494 1483 sola
516 1441 571 1501 per
590 1440 622 1482 se
640 1421 790 1502 lenticula,
809 1424 839 1483 si
858 1424 926 1500 quis
945 1440 1010 1482 eam
1028 1430 1111 1483 aceto

100 1509 229 1571 infusam
253 1518 367 1571 coctam
390 1510 561 1571 comederit.
599 1509 729 1589 Serpulli
747 1512 811 1571 triti
829 1510 855 1570 Χ
874 1509 960 1590 Vllll,
983 1508 1112 1571 absinthi
1131 1517 1147 1565 o

57 1597 125 1659 nell
153 1596 189 1679 ll,
212 1597 408 1659 clematitidos
431 1597 457 1658 it
480 1598 494 1658 l
517 1606 547 1659 et
570 1599 645 1659 duae
669 1601 811 1659 tertiaeve
834 1608 933 1676 partes
956 1599 1112 1676 victoriati,

99 1688 173 1747 nitri
196 1685 222 1747 ll
240 1685 300 1768 Vll,
322 1685 418 1766 lupini
441 1687 552 1747 farinae
575 1686 681 1766 liVll,
704 1686 774 1747 salis
795 1685 821 1745 X
840 1685 903 1765 llll,
926 1693 1024 1745 terrae
1042 1685 1112 1745 mali

99 1773 125 1835 Ξ
150 1773 218 1854 llll,
245 1775 294 1835 fici
320 1774 421 1835 aridae
448 1774 474 1834 X
497 1773 559 1836 1111.
604 1774 685 1835 Haec
713 1777 811 1835 omnia
838 1772 1018 1851 colliguntur
1044 1774 1112 1834 vino

100 1870 220 1923 austero
244 1871 332 1942 atque
355 1881 392 1922 ex
415 1862 462 1923 his
485 1864 640 1943 linguntur
662 1861 774 1941 globuli
799 1861 882 1922 fabae
900 1860 1112 1940 magnitudine,

100 1969 137 2012 ex
164 1949 273 2031 quibus
302 1951 410 2013 dantur
432 1954 531 2013 ieiuno
556 1959 607 2013 aut
629 1958 698 2030 post
720 1969 823 2012 cenam
847 1957 914 2011 ooto
938 1948 984 2010 vel
1007 1967 1111 2010 norem

57 2060 86 2100 eo
100 2057 170 2100 oum
193 2057 285 2118 aquae
308 2039 420 2101 mulsae
444 2039 557 2120 cyathis
580 2039 687 2101 tribus.

190 2126 376 2207 Conpositio,
399 2146 475 2207 quae
499 2128 569 2189 lacit
591 2129 627 2189 ad
651 2130 747 2189 tineas
770 2138 800 2190 ct
822 2127 985 2189 lumbricos
1008 2131 1147 2189 ernon-⁷

100 2215 165 2295 dos,
189 2216 246 2276 sic:
271 2215 400 2294 Serpulli
423 2215 503 2296 iili,
526 2218 676 2278 coriandri
694 2217 720 2278 X
740 2217 769 2298 S,
792 2217 922 2278 samsuci
944 2215 969 2275 ll
989 2214 1019 2297 8,
1042 2218 1115 2276 nitri

100 2302 126 2363 ii
151 2302 186 2384 8,
216 2303 390 2365 cucurbitae
418 2304 566 2367 silvaticae
594 2307 759 2387 interioris,
787 2305 840 2366 sed
868 2304 948 2384 quod
976 2311 1022 2363 est
1049 2306 1114 2364 sine

100 2392 230 2471 semine,
257 2394 288 2452 in
311 2392 461 2471 pulverem
486 2393 622 2454 redactae
645 2393 672 2453 ll
692 2393 726 2473 8,
754 2393 824 2453 mali
845 2393 951 2454 Punici
972 2393 1114 2453 inmaturi

62 2498 88 2540 se
102 2488 136 2541 et
158 2478 255 2540 adbuc
278 2479 415 2541 obstricti
437 2482 499 2541 sive
522 2483 643 2543 corticis
666 2482 731 2541 eius
754 2482 817 2541 triti
840 2479 866 2539 X
886 2479 920 2557 8,
947 2486 1032 2539 rutae
1055 2486 1113 2539 ter-

99 2569 173 2630 tiam
197 2575 312 2646 partem
336 2576 365 2628 et
389 2576 502 2630 sextam
525 2570 673 2630 victoriati
695 2568 845 2647 ponderis.
868 2565 954 2627 Melle
974 2565 1114 2643 colligun-

99 2665 152 2717 tur
179 2654 253 2717 baec
279 2658 390 2737 omnia,
420 2658 528 2718 dantur
551 2676 587 2719 ex
609 2655 658 2717 his
680 2655 793 2735 globuli
815 2663 942 2735 septem,
971 2660 1114 2733 quantum

100 2743 187 2804 labae
211 2746 404 2823 Aegyptiacae
428 2746 599 2823 magnitudo
623 2754 678 2824 est,
701 2744 747 2805 vel
769 2762 838 2805 cum
862 2760 938 2822 aqua
956 2740 1050 2803 calida
1068 2740 1115 2801 rel

101 2850 139 2893 ex
164 2832 242 2913 rino,
265 2835 291 2892 si
314 2834 469 2894 sinceritas
493 2836 559 2914 erit,
582 2841 613 2894 et
634 2835 735 2894 ieiuno
759 2839 880 2911 etpost
902 2848 1015 2891 cenam.

58 2938 86 2979 oo
192 2921 236 2981 Ad
255 2919 417 2981 lumbricos
436 2922 585 2983 necandos
603 2922 769 2983 remedium
787 2923 897 2981 mirrim
915 2922 971 2980 sic:
996 2918 1115 2997 Seriphi
1132 2930 1149 2979 8

100 3007 128 3069 ll
146 3007 210 3089 llll,
229 3008 401 3069 cucurbitae
425 3009 570 3071 silvestris
590 3012 733 3071 interiora
752 3011 821 3070 trita
840 3008 866 3068 li
885 3007 920 3089 ll,
943 3007 1114 3086 lupinorum

102 3096 215 3157 tarinae
239 3095 357 3158 xviii.
397 3095 442 3157 Ex
465 3116 540 3176 aqua
563 3098 639 3159 fiunt
662 3097 774 3177 globuli
791 3096 875 3158 labae
894 3095 1114 3175 magnitudinis,

102 3185 211 3335 darnltur
232 3183 373 3246 robustae
392 3187 496 3247 aetatis
515 3194 638 3269 septem,
661 3188 764 3265 pueris
782 3188 860 3247 terni
879 3185 925 3245 vel
943 3185 1028 3263 quini
1046 3200 1114 3243 cum

99 3292 151 3335 mu
165 3290 197 3335 sa
219 3290 303 3352 aqua.

193 3477 347 3534 lsioillo.
411 3477 632 3533 odonariorum.
703 3482 737 3531 18
755 3476 872 3546 globoli.
932 3482 966 3531 27
984 3474 1115 3545 globolis.

102 3555 139 3606 30
158 3566 238 3620 serep
261 3550 283 3617 ’ς
302 3550 337 3617 of.
356 3549 442 3619 Apol.
460 3549 532 3605 berb.
553 3553 611 3603 101.
686 3552 721 3602 38
738 3548 803 3616 sort.
822 3545 919 3602 netuli.
