2609 4017
573 182 817 246 -378-

186 345 351 426 saliuncae,
379 347 493 424 cyperi,
517 344 710 425 cardamomi,
734 344 917 423 singularum
941 363 1043 406 rerum
1066 345 1203 430 selibras,

187 435 317 496 euforbii
338 433 463 514 -llll,
487 433 608 494 adarces
632 433 664 493 P.
682 433 704 514 l,
727 436 844 494 resinae
865 433 899 495 P.
917 433 967 515 lll,
988 452 1075 495 cerae
1098 435 1204 496 Ponti·

189 542 240 585 cae
263 522 295 584 P.
314 523 348 584 ll.
390 523 452 583 Hoc
476 531 610 583 cerotum
634 525 709 583 mire
732 522 891 601 podagram
916 522 997 584 lenit.

133 626 168 675 68
276 611 460 672 vermiculos
488 619 648 672 terrestres
676 613 707 671 in
736 621 819 672 aceto
847 629 902 690 per
928 621 1048 673 noctem
1078 631 1204 673 manere

188 700 320 776 curabis,
344 709 377 761 ut
400 719 432 760 se
455 702 535 760 omni
559 699 647 760 sorde
670 707 812 780 purgent,
835 717 921 760 mane
944 719 996 761 eos
1019 701 1148 762 siccabis
1171 710 1230 762 ets

188 809 223 850 ex
251 789 298 850 his
332 821 369 831 -
400 787 440 848 tx
472 790 503 848 in
534 787 641 848 libram
669 791 813 868 axungiae
841 791 941 850 mittes
974 797 1005 850 et
1033 789 1204 851 diutissime

187 886 333 959 conteres,
358 885 390 938 ut
413 895 507 938 unum
531 895 641 956 corpus
666 877 786 959 efficias,
809 886 840 937 et
857 895 912 956 pro
931 887 1033 938 ceroto
1051 881 1151 940 uteris
1168 879 1204 939 ad

187 966 332 1028 sedandos
356 965 466 1045 pedum
489 964 652 1044 quamlibet
675 965 815 1026 molestos
838 965 964 1027 dolores.

130 1069 167 1119 aa
274 1055 391 1115 Medius
413 1054 487 1132 lapis
510 1053 585 1115 lacte
607 1053 746 1114 muliebri
764 1054 876 1114 dilutus
895 1062 925 1114 et
943 1053 1081 1133 pellicula
1098 1055 1204 1136 lupina

186 1143 351 1224 conligatus
374 1151 569 1223 portatusque
598 1149 628 1202 et
652 1145 683 1202 in
707 1145 858 1220 praesenti
881 1151 912 1203 et
933 1143 1076 1223 deinceps
1098 1147 1135 1205 in
1157 1145 1201 1206 iu·
1214 1165 1240 1204 ro

129 1247 167 1297 66
186 1242 287 1294 turum
315 1240 433 1311 tempus
461 1231 620 1310 podagram
648 1233 816 1292 certissime
844 1231 1038 1292 submovebit
1082 1232 1203 1294 Colum-

185 1321 271 1382 binao
295 1323 402 1399 pinnae
426 1323 552 1380 maxime
574 1322 706 1398 primum
729 1328 886 1380 nascentes
908 1329 992 1381 ustae
1015 1339 1084 1382 oum
1104 1324 1205 1383 urtica

185 1418 273 1489 atque
296 1410 442 1488 inpositae
466 1409 613 1488 podagrae
636 1409 755 1469 dolores
778 1408 884 1469 levant.

131 1514 166 1563 61
274 1497 447 1559 Terrestres
474 1496 613 1558 lumbrici
640 1497 677 1557 ad
700 1515 870 1557 mensuram
894 1496 1040 1558 acetabuli
1068 1499 1100 1558 in
1129 1498 1203 1559 mel-

184 1588 221 1648 lis
245 1587 340 1666 cotyla
363 1587 485 1648 contriti
508 1596 538 1646 et
561 1587 684 1664 inpositi
702 1585 838 1665 pedibus,
861 1589 912 1664 qui
930 1589 1014 1665 prius
1033 1585 1099 1646 oleo
1119 1605 1240 1648 rosa-1⁵

186 1694 238 1738 ceo
261 1678 346 1737 uncti
373 1676 497 1755 fuerint,
525 1693 559 1736 ac
587 1677 677 1735 tertio
706 1674 754 1734 die
782 1673 873 1735 soluti
900 1682 931 1735 ot
954 1676 1052 1735 statim
1076 1692 1201 1736 rursum

185 1767 317 1844 impositi
349 1772 379 1825 et
411 1764 568 1825 confestim
600 1762 733 1824 dolorem
767 1761 884 1824 leniunt
919 1773 949 1824 et
980 1765 1011 1824 in
1043 1773 1201 1842 posterum

184 1852 299 1914 tollunt.

131 1955 166 2005 66
274 1940 398 2019 Vulpem
422 1959 458 2001 ex
477 1959 552 2020 aqua
572 1941 701 2019 coquito,
724 1940 819 2000 donec
838 1939 998 2021 mollescat,
1016 1949 1048 2002 et
1066 1960 1103 2001 ex
1123 1960 1200 2020 aqua

95 2088 100 2101 ,
186 2029 334 2108 percolata
359 2029 450 2108 pedes
474 2029 597 2090 adsidue
620 2029 731 2109 loveto;
755 2047 814 2107 quo
838 2029 915 2090 lacto
939 2029 1092 2091 doloribus
1111 2031 1236 2092 iacileao

185 2120 282 2178 careri
305 2116 362 2177 hoc
385 2118 517 2177 remedio
542 2117 662 2196 quidam
685 2118 859 2196 frequenter
882 2120 998 2197 experti
1020 2127 1100 2180 sunt.

131 2223 165 2272 aa
273 2204 442 2283 Lenticula,
470 2223 545 2283 quae
572 2207 604 2265 in
634 2224 710 2284 aqua
737 2208 884 2287 nascitur,
917 2223 1005 2286 quam
1036 2209 1199 2269 tenerrima

185 2304 309 2356 contusa
333 2300 363 2354 et
385 2303 542 2372 antequam
566 2293 701 2354 cubitum
725 2301 772 2354 eat
795 2297 832 2375 ei,
855 2297 909 2374 qui
931 2295 1011 2356 dolet
1028 2296 1130 2376 podes,
1152 2299 1197 2357 in·

184 2385 289 2464 posita,
312 2382 419 2443 deinde
443 2384 619 2462 interposito
643 2391 777 2462 tempore
800 2382 925 2464 sublata,
948 2396 978 2445 et
994 2384 1088 2445 herba
1107 2403 1196 2446 cuco-

184 2473 231 2534 lus
254 2475 325 2534 trita
346 2474 378 2532 in
401 2471 545 2550 reliquam
568 2479 683 2549 partem
706 2473 804 2531 noctis
827 2473 955 2551 inposita
978 2476 1052 2533 mire
1076 2473 1193 2534 dolores
1206 2491 1231 2532 as

130 2575 166 2625 64
184 2562 331 2642 podagrae
360 2559 450 2620 sedat.
492 2558 598 2619 Farina
624 2559 767 2620 frumenti
790 2578 826 2620 ex
849 2569 933 2621 aceto
956 2568 1040 2621 cocta
1063 2561 1195 2622 dolorem

183 2651 330 2729 podagrae
354 2651 453 2709 statim
477 2648 561 2708 sedat
583 2649 720 2728 inposita,
743 2649 794 2709 sed
818 2648 916 2709 lenius
936 2649 1120 2710 medicamen
1139 2652 1195 2711 erit

184 2739 299 2799 adiecto
323 2736 409 2797 melle
432 2755 492 2796 non
516 2736 617 2797 multo.
928 2794 930 2797 .

130 2840 165 2888 66
273 2827 408 2904 Pampini
427 2827 531 2886 vitium
550 2826 613 2886 triti
632 2833 663 2886 et
676 2827 807 2905 impositi
821 2832 969 2886 tumorem
982 2827 1093 2906 pedum
1106 2829 1192 2888 mira·

184 2914 285 2975 biliter
309 2916 474 2995 exsiccant3
497 2915 573 2974 cinis
596 2932 715 2992 quoque
739 2917 843 2975 vitium
862 2933 931 2975 cum
949 2917 1076 2994 axungia
1094 2922 1228 2976 vetereto

185 3002 325 3064 subactus
349 3011 379 3062 et
402 3003 559 3080 impositus
582 3001 660 3062 idem
685 3010 816 3081 praestat
836 3021 952 3063 necnon
973 3003 1057 3065 etad
1077 3002 1192 3064 hocsal

184 3093 384 3153 ammoniacus
410 3109 478 3151 cum
501 3093 566 3167 pari
588 3109 728 3151 mensura
751 3093 828 3170 picis
850 3100 881 3152 et
904 3110 990 3153 cerae
1013 3100 1118 3153 coctus
1139 3094 1191 3154 im·

131 3196 164 3246 66
183 3184 313 3261 ponitur.
354 3179 494 3258 Plantago
524 3196 591 3238 oum
615 3182 741 3258 axungia
764 3179 887 3240 subacta
909 3189 941 3240 et
962 3183 1100 3260 imposita
1122 3179 1192 3241 lenit

184 3270 293 3348 pedum
321 3267 453 3348 dolores,
484 3266 573 3327 limus
606 3285 725 3348 quoque
754 3271 909 3348 aquaticus
937 3288 1006 3330 cum
1033 3268 1098 3329 oleo
1125 3269 1190 3332 sub·

183 3367 267 3418 actus
289 3357 450 3436 plurimum
474 3355 604 3435 prodest.
1202 3377 1224 3418 6

132 3459 165 3506 ot
273 3445 371 3522 adeps
395 3446 496 3504 ursina
520 3463 588 3504 cum
612 3463 681 3505 sero
704 3448 822 3506 taurino
843 3453 873 3505 et
892 3464 960 3506 cera
979 3448 1044 3525 pari
1062 3447 1189 3525 pondere

184 3531 393 3609 decoquuntur
421 3548 515 3609 eoque
544 3540 644 3592 ceroto
673 3534 802 3611 podagra
825 3541 961 3595 contacta
988 3534 1099 3596 lenitur
1126 3554 1190 3597 nec·

89 3747 239 3962 Ἰ
