2609 4017
563 129 800 194 -168-

171 290 350 353 carbonibus
374 292 540 370 positorum
564 292 665 352 199199
688 291 820 353 remedio
844 300 899 371 est,
923 293 948 351 si
971 309 1023 350 ore
1042 291 1139 351 hianti
1158 299 1192 352 et

171 381 307 442 laucihus
331 382 441 459 apertis
465 381 644 460 excipiatur3
668 382 726 442 9191
748 381 827 440 99191
851 388 881 441 91
904 379 1012 458 expelli
1030 379 1191 440 devoratas

116 483 152 532 99
172 471 366 549 sanguisugas
388 469 445 530 hac
468 470 584 529 ratione
607 471 808 531 certissimum
831 476 885 530 est
924 469 957 528 19
977 487 1012 528 99
1036 475 1132 550 99919,
1156 471 1191 528 19

172 577 231 639 quo
254 560 340 638 prius
362 558 477 618 ferrum
500 558 618 619 1911999
641 559 681 618 911
700 560 874 638 extinctum,
899 556 1039 637 butyrum
1058 559 1191 618 missum

172 657 202 710 et
225 646 399 707 calefactum
422 646 564 726 paulatim
588 649 614 707 si
636 646 841 728 absorbeatur,
864 649 952 707 eiciet
975 646 1011 707 de
1032 645 1222 708 stomachos

171 737 374 814 sanguisugas.

117 835 151 885 99
260 825 304 885 hd
319 817 625 903 stridorem'pectoris
639 825 848 903 deponendum
864 825 981 902 senapis
995 826 1105 902 optime
1122 825 1191 884 triti

171 911 292 992 cyathos
319 913 395 974 duos
423 921 454 974 et
480 913 575 974 mellis
598 915 704 992 optimi
727 913 894 993 despumati
917 913 1055 993 cyathum
1079 915 1189 974 misce-

170 1001 217 1062 bis
240 1010 271 1063 et
294 1003 413 1063 ieiunus
436 1001 484 1062 die
508 1001 603 1062 calido
630 1009 682 1062 aut
709 1004 740 1063 in
768 1003 833 1064 loco
861 1002 962 1082 tepido
986 1001 1190 1081 gargarizabis

170 1099 202 1152 et
224 1093 305 1152 sines
327 1093 442 1173 patenti
464 1109 516 1151 ore
539 1108 675 1152 umorem
699 1091 869 1153 decurrere.
1021 1128 1033 1151 2
1205 1107 1233 1146 19

117 1191 151 1241 98
259 1179 303 1240 Ν9
326 1180 423 1241 media
447 1178 578 1260 doleant,
604 1179 675 1240 luna
703 1182 828 1260 septima
856 1179 970 1241 decima
994 1197 1112 1258 semper
1137 1178 1190 1240 alii

170 1270 282 1330 incocti
304 1276 389 1330 terna
412 1287 503 1348 grana
525 1277 650 1348 purgata
673 1269 853 1350 transglutti,
876 1271 951 1329 inire
974 1268 1117 1347 proderit

116 1367 150 1416 99
259 1356 419 1418 Corellium
446 1359 550 1418 tritum
578 1376 613 1417 ex
642 1375 719 1436 aqua
746 1359 832 1436 potui
859 1357 960 1418 datum
990 1359 1188 1418 reiectionem

170 1447 323 1524 sanguinis
341 1447 491 1526 reprimit3
509 1448 559 1507 cui
576 1448 622 1506 191
640 1453 671 1506 91
685 1454 840 1507 castaneae
854 1446 1021 1527 medentur,
1041 1448 1067 1506 si
1082 1455 1187 1508 coctae

170 1552 258 1613 quam
281 1534 427 1613 plurimae
450 1535 676 1595 manducentur.
1204 1550 1232 1591 19

117 1635 168 1684 199
257 1623 302 1684 Ad
320 1631 434 1685 tussem
451 1622 615 1684 Vindiciani
631 1623 741 1684 medici
754 1623 920 1684 remedium
935 1623 1099 1702 singulare:
1119 1623 1188 1684 Sul-

168 1730 227 1790 pur
250 1715 348 1773 vivum
371 1720 451 1774 teres
475 1720 505 1773 et
523 1710 654 1773 involves
679 1711 715 1772 de
735 1715 862 1790 axungia
880 1715 964 1791 porci
983 1714 1187 1773 vetustissima

169 1808 200 1861 et
218 1799 311 1881 dabis,
330 1809 365 1861 ut
381 1800 585 1879 transgluttiat
605 1809 668 1861 tres
686 1800 793 1881 pilulas
811 1803 907 1880 prima
922 1800 979 1880 die,
999 1801 1131 1863 secunda
1151 1801 1187 1883 ll,

169 1891 257 1949 tertia
285 1888 311 1970 l;
338 1889 413 1950 tales
440 1897 539 1950 autem
567 1888 676 1968 pilulae
704 1898 807 1970 erunt,
836 1897 871 1950 ut
893 1889 978 1950 199119
1001 1894 1185 1951 transvorari

168 1979 298 2058 possint3
324 1977 382 2037 hoc
410 1977 575 2038 remedium
604 1981 692 2038 etiam
722 1980 808 2058 equis
831 1978 1028 2040 tussientibus
1051 1979 1186 2058 prodest.
1202 1993 1229 2033 2⁰

117 2064 688 2128 19111911999991999111919911199111
714 2065 826 2146 Herba,
853 2085 928 2146 quae
953 2066 1061 2128 Gallice
1086 2068 1189 2128 callio-

170 2171 303 2234 marcus,
331 2153 435 2215 Latine
459 2156 529 2232 equi
552 2155 662 2234 ungula
687 2163 822 2236 vocatur,
845 2155 968 2217 collecta
991 2155 1060 2216 1999
1085 2165 1188 2218 vetere

169 2242 270 2302 liduna
304 2241 351 2302 die
377 2242 455 2303 lovis
488 2244 597 2304 siccata
624 2247 708 2322 prius
736 2245 767 2304 in
796 2244 883 2304 ollam
917 2262 1021 2304 novam
1055 2247 1188 2308 mittitur

170 2349 238 2391 cum
266 2333 373 2410 prunis
401 2331 589 2411 ardentibus,
621 2351 697 2410 quae
730 2334 808 2393 intra
837 2332 924 2394 ollam
955 2335 1034 2394 mitti
1062 2333 1187 2417 dehent3

170 2421 345 2499 superficies
368 2439 439 2482 9999
463 2423 528 2482 9199
551 2420 654 2500 argilla
678 2420 836 2500 diligenter
859 2421 957 2482 claudi
976 2422 1065 2484 debet
1089 2432 1119 2484 et
1140 2443 1185 2485 oa·
1202 2437 1228 2477 2⁵

170 2508 266 2569 lamus
288 2511 395 2590 inseri,
418 2528 472 2589 per
496 2527 585 2589 quem
608 2526 696 2570 umor
719 2509 765 2570 vel
786 2511 885 2572 1119199
904 2510 1012 2570 9919119
1029 2511 1188 2574 hauriatur

117 2600 252 2659 19119119
272 2617 315 2680 99,
334 2599 429 2659 donec
448 2601 557 2658 arteria
576 2600 674 2658 onmia
689 2606 720 2658 et
734 2599 918 2660 stomachum
933 2608 1080 2678 penetret.
1112 2600 1187 2662 Con-

170 2689 278 2766 positio
303 2687 338 2748 ad
362 2695 489 2748 tussem:
523 2684 618 2746 llellis
646 2687 813 2765 despumati
836 2686 867 2748 P.
886 2687 912 2768 l,
939 2689 1040 2749 anethi
1063 2693 1188 2750 seminis

172 2807 211 2819 —
233 2775 274 2835 111
281 2824 290 2856 ,
310 2776 423 2854 piperis
446 2808 490 2819 —
508 2773 530 2836 1.
575 2774 656 2836 llaec
680 2775 904 2854 diligentissime
928 2778 996 2836 trita
1021 2779 1188 2840 miscentur

171 2862 265 2941 melli,
292 2872 340 2945 ut,
368 2882 436 2923 cum
465 2881 539 2924 usus
566 2865 714 2944 exegerit,
742 2862 842 2925 bisin
866 2865 913 2925 die
938 2873 1022 2924 terna
1047 2865 1225 2928 cocliariao

172 2953 224 3030 qui
248 2953 326 3011 tussi
348 2950 494 3012 laborabit
516 2953 651 3029 accipiat.

117 3050 170 3100 103
261 3037 442 3119 Compositio
466 3039 625 3118 ecligmatii
647 3040 684 3101 ad
707 3041 878 3122 pulmonem
902 3049 1077 3120 corruptum
1101 3062 1186 3123 repa-

96 3131 98 3134 ’
170 3128 311 3189 randum:
351 3127 495 3189 Marrubii
526 3127 701 3189 fasciculum
734 3148 841 3210 unum,
873 3129 979 3209 hysopi
1010 3131 1187 3194 fasciculum

169 3235 272 3297 unum,
291 3216 491 3297 glycyrrhizae
505 3251 550 3260 —
563 3217 613 3299 111,
627 3219 681 3278 1119
695 3217 829 3297 Illyricae
844 3252 886 3262 —
901 3217 951 3299 111,
965 3218 1063 3281 199199
1078 3251 1121 3264 ·—
1136 3220 1185 3302 1Π,

257 3425 397 3492 8999199.
446 3429 479 3478 10
497 3440 633 3481 umorem.
682 3430 715 3480 18
734 3424 950 3494 transgluttioot
968 3425 1038 3495 (sic).
1086 3431 1184 3480 1791-

60 3498 65 3506 ”
166 3493 267 3548 teriam
288 3511 398 3549 omnem
418 3494 578 3549 Gorncrius.
652 3500 686 3549 32
706 3495 854 3566 eligmatii.
929 3501 964 3550 34
981 3496 1147 3566 glycerizae.
