2609 4017
469 144 714 208 -225-

96 305 231 366 coclearia
254 308 379 385 accipiet
403 308 537 385 epaticus
560 307 679 366 Ieiunas
703 315 734 366 et
755 308 787 365 in
811 324 845 367 eo
870 306 961 368 latere
985 308 1099 370 diutule

95 394 205 475 iacebit;
235 394 342 456 deinde
370 394 532 455 ambulabit
555 401 586 454 et
608 412 663 473 per
686 395 820 457 triduum
843 399 1021 458 continuum
1043 396 1100 458 hoc

94 483 268 544 medicamen
292 484 417 563 accipiet
441 483 576 544 slmiliter
600 482 769 545 observans.

173 571 299 633 Prodest
325 572 451 634 mirifice
479 572 551 633 haec
577 574 744 651 conpositio
763 573 799 633 ad
823 580 971 635 tumorem
995 581 1025 633 et
1048 574 1098 635 do·
1120 587 1153 637 16

71 660 176 721 olorem
196 679 264 721 cum
283 661 392 722 duritia
411 662 551 723 iocineris
571 669 601 722 et
619 660 715 743 lienis,
734 664 806 723 item
825 662 863 723 ad
881 664 999 724 renium
1017 663 1098 725 dolo·

93 767 148 809 rem
174 748 250 809 bene
279 751 363 830 iacit3
393 768 462 810 uam
490 759 520 811 et
548 749 680 811 colorem
708 753 843 830 corporis
871 753 1019 833 restituit,
1047 754 1100 832 qui

92 846 205 916 propter
233 839 303 899 vitia
332 857 421 918 supra
450 839 597 900 dictarum
624 840 756 918 partium
783 842 988 919 corrumpitur
1017 841 1099 920 palli·

91 925 197 1006 dusqne
216 928 409 1008 conspicitur.
438 927 564 989 Prodest
580 926 637 988 hoc
651 927 731 989 idem
745 929 996 991 medicamentum
1010 933 1100 991 etiam

91 1014 122 1074 ad
143 1031 235 1095 aquae
259 1018 453 1097 mutationes,
476 1017 506 1077 id
531 1015 636 1078 estad
660 1016 837 1100 hydropem,
861 1018 1018 1079 coniicitur
1042 1022 1100 1080 sic:

59 1120 79 1157 ro
92 1100 170 1164 Croci
188 1104 214 1164 X
229 1104 265 1185 X,
284 1106 370 1166 nardi
389 1104 464 1186 XII,
484 1107 580 1167 casiae
595 1104 620 1165 X
635 1105 672 1185 II,
691 1108 768 1166 costi
782 1105 808 1165 X
822 1106 835 1167 I
851 1106 880 1186 S,
901 1107 1025 1168 schoeni
1038 1107 1064 1167 X
1078 1107 1100 1188 l,

93 1194 213 1255 cinnami
226 1193 252 1253 X
267 1194 289 1274 1,
304 1213 419 1275 myrrae
435 1203 545 1257 stactae
560 1193 586 1255 X
599 1194 621 1276 I,
636 1194 732 1255 mellis
747 1196 852 1274 optImi
867 1194 893 1255 X
906 1194 998 1276 XXV,
1012 1196 1101 1258 datur

92 1282 183 1343 Ieiuno
208 1290 354 1362 quantum
378 1283 444 1344 laba
467 1292 513 1345 est
534 1283 677 1363 Aegyptia
701 1302 737 1344 ex
760 1284 849 1346 mulsi
869 1284 983 1365 cyathis
1002 1284 1065 1345 1111.

173 1370 350 1434 Remedium
368 1372 473 1433 efficax
490 1372 527 1433 ad
546 1374 687 1433 iocinerIs
706 1372 847 1435 duritiam
861 1381 1002 1456 veterem,
1021 1374 1101 1453 quod
1121 1386 1154 1435 17

92 1467 117 1517 et
137 1459 318 1540 hydropicos
342 1469 372 1522 et
393 1461 523 1523 lienosos
547 1468 577 1523 et
600 1471 740 1541 arquatos
769 1470 799 1522 et
822 1462 932 1542 quibus
955 1480 1031 1541 opus
1055 1471 1101 1524 est

60 1563 79 1601 1⁵
91 1551 195 1609 moveri
214 1552 333 1611 urinam
350 1552 557 1629 potentissime
575 1558 667 1632 sanat,
685 1549 884 1612 muliebribus
899 1568 1018 1630 quoque
1033 1569 1100 1610 can·

90 1638 126 1695 sis
147 1638 283 1721 prodest,
312 1657 380 1699 nam
408 1646 438 1700 et
467 1658 502 1700 ex
525 1647 614 1718 partu
637 1638 758 1699 residua
781 1647 889 1717 purgat
912 1647 942 1700 et
964 1640 1101 1699 mammis

90 1726 268 1789 tumentibus
287 1728 417 1807 prodest.
455 1728 584 1789 Perduci
602 1727 685 1807 illud,
702 1725 734 1787 id
753 1734 800 1788 est
820 1730 925 1808 potari,
948 1745 984 1788 ex
1003 1726 1099 1787 mulso

90 1815 150 1875 rino
178 1824 312 1897 oportet,
340 1817 498 1878 conficitur
522 1819 578 1878 sic:
614 1817 707 1876 Anesi
729 1814 755 1874 X
778 1814 871 1897 VIIII,
896 1816 984 1878 dauci
1007 1814 1033 1876 X
1052 1814 1101 1896 lll,

90 1905 256 1979 petroselini
271 1905 359 1987 idem,
373 1906 504 1985 iuniperi
518 1905 606 1985 idem,
623 1905 687 1965 silis
701 1904 789 1985 idem,
804 1905 987 1983 tragacanthi
1001 1904 1027 1964 X
1042 1904 1055 1964 l
1070 1904 1100 1985 S,

58 1996 201 2068 apanaois
224 1994 335 2057 radicis
358 1992 384 2053 X
403 1992 480 2075 Vlll,
503 1995 570 2074 iris,
593 2012 723 2075 myrrae,
747 1996 835 2074 costI,
859 1996 976 2076 amomi,
999 1996 1100 2073 singu·

89 2078 178 2141 lorum
202 2082 228 2142 X
254 2100 355 2161 senos,
383 2083 514 2143 cinnami
536 2081 635 2164 XIII,
663 2084 759 2143 casiae
778 2081 828 2163 VI,
856 2085 995 2164 smyrnii,
1020 2082 1100 2162 qnod
1179 2154 1182 2158 ,

90 2177 130 2228 est
151 2188 256 2232 semen
276 2170 388 2232 holeris
407 2173 464 2231 atri
483 2170 509 2230 X
528 2170 601 2252 VIII,
624 2171 711 2231 nardi
729 2171 868 2252 Syriacae
888 2171 913 2233 X
932 2171 995 2252 llll,
1018 2173 1101 2232 acori

89 2254 199 2341 XVIII,
222 2258 347 2321 balsami
371 2261 493 2321 seminis
518 2258 544 2319 X
562 2260 612 2341 Vl,
637 2262 698 2340 opii
721 2259 747 2319 X
766 2260 797 2341 V,
821 2262 884 2322 ervi
906 2261 1002 2323 moliti
1026 2258 1057 2321 8
1076 2260 1099 2340 I,

90 2345 181 2407 selllae
209 2356 313 2410 coctae
336 2348 420 2429 XII,
447 2350 509 2409 vini
536 2348 602 2410 Chii
629 2359 681 2410 aut
705 2348 805 2410 Lesbii
833 2349 912 2429 quod
936 2352 1009 2411 satis
1033 2350 1100 2410 erit.

58 2432 196 2497 taPastiIli
228 2456 265 2498 ex
297 2436 344 2496 his
375 2439 406 2497 in
442 2436 597 2517 pulverem
633 2437 763 2499 redactis
796 2438 871 2498 liunt
908 2437 1100 2498 denariorum

90 2522 177 2587 duum
199 2526 247 2587 vel
270 2527 362 2587 trium
385 2534 415 2587 et
438 2526 546 2587 dantur
570 2545 639 2587 cum
662 2543 738 2604 opus
762 2532 808 2588 est
827 2543 863 2585 ex
881 2525 978 2586 mulso
998 2527 1098 2585 ieiuno

90 2620 117 2673 et
138 2612 167 2675 di
188 2622 261 2676 esto.

168 2631 343 2786 lintidotos,
371 2722 446 2783 quae
470 2703 583 2784 Zopyre
607 2704 730 2783 dicitur,
758 2702 830 2764 iacit
856 2719 916 2762 non
942 2700 1039 2761 solum
1061 2700 1099 2761 ad
1119 2712 1152 2761 18

90 2789 237 2875 iocIneris,
266 2792 319 2853 sed
347 2800 377 2852 et
402 2792 438 2853 ad
460 2792 563 2854 lateris
586 2800 617 2853 et
639 2792 677 2853 ad
699 2793 830 2871 pectoris
854 2802 884 2851 et
907 2790 944 2851 ad
967 2790 1098 2851 vessicae

57 2891 78 2931 ao
91 2876 202 2942 dolores
226 2889 257 2943 et
280 2880 316 2941 ad
334 2883 441 2942 tussim
460 2890 590 2943 veterem
610 2888 639 2941 et
658 2881 695 2942 ad
713 2880 892 2961 hydropicos
911 2887 941 2940 et
959 2888 1100 2959 arquatos

92 2975 119 3026 et
138 2968 268 3031 lienosos
292 2978 322 3031 et
345 2969 381 3031 ad
408 2988 473 3050 eos,
497 2971 550 3049 qui
571 2970 646 3031 mala
669 2971 885 3031 medicamenta
907 2972 1099 3051 sumpserint,

93 3062 246 3132 quaestio
269 3067 373 3139 postea
396 3060 464 3119 data
487 3060 549 3119 sive
572 3066 640 3119 ante
664 3068 733 3138 pota
756 3059 877 3141 fuerint,
899 3077 954 3139 per
977 3058 1034 3120 hoc
1053 3077 1099 3119 re·

93 3144 217 3208 medium
245 3166 305 3208 non
332 3147 497 3229 nocebunt,
527 3148 685 3209 conficitur
713 3150 770 3209 sict
806 3149 921 3229 Myrrae
950 3145 1050 3207 XVII
1070 3145 1101 3227 S,

179 3300 329 3372 bremium]
344 3300 508 3357 remedium.
546 3299 712 3371 eidropem.
755 3307 787 3356 10
802 3301 902 3356 scoeni.
941 3304 974 3353 11
989 3297 1100 3353 mimae.

97 3369 126 3419 12
144 3372 247 3437 quanta
266 3370 425 3428 conato.
529 3371 613 3427 fabae
636 3389 660 3428 e.
682 3372 839 3441 aegyptiae.
945 3375 979 3424 1⁷
997 3368 1100 3440 putari.

97 3440 127 3492 18
144 3442 255 3510 oportih.
323 3449 357 3497 20
376 3444 485 3499 mirrae.
558 3448 591 3496 21
611 3442 739 3514 smyrnii]
753 3440 870 3497 murnai.
942 3446 976 3495 23
991 3440 1100 3498 moluti.

98 3511 127 3561 26
145 3527 177 3565 ex
193 3515 285 3568 mulso
303 3530 353 3569 om.
430 3519 464 3568 28
483 3514 585 3584 zopire.
659 3518 693 3567 30
711 3513 869 3583 ydropicus.

145 3610 304 3661 manemus,
318 3622 358 3655 nn.
372 3614 528 3657 Ennmrcn.
908 3605 940 3655 15
