2609 4017
498 195 740 259 -373—

104 357 276 437 adpositum
299 376 354 419 nec
382 359 481 418 minus
509 355 591 418 utilis
622 364 668 418 est
693 357 845 435 portulaca
866 364 955 437 atque
974 355 1124 438 plantago;

106 448 232 527 spongia
262 464 380 526 quoque
409 445 522 508 Rhodia
550 444 597 507 vel
620 447 757 507 Africana
787 445 884 506 mollis
911 465 948 506 ex
975 463 1050 525 aqua
1073 447 1124 507 iri·

107 535 176 614 gida
205 535 339 614 adposita
366 537 461 617 iuvat3
493 534 589 596 lanam
620 537 708 596 etiam
738 534 871 596 sucidam
899 553 967 595 rosa
999 545 1029 595 et
1056 537 1124 595 vino

105 625 250 686 iniectam
272 625 343 702 poni
366 625 518 704 convenit3
542 622 668 685 subinde
688 632 787 686 autern
806 623 880 684 haee
899 626 996 685 omnia
1015 627 1125 687 mutari

82 721 238 794 soportet,
262 715 435 791 priusquam
459 711 603 773 calefiant.

199 801 325 862 Prodest
348 810 378 863 et
400 801 564 862 lomentum
587 799 671 862 labae
693 801 815 862 molitae
834 820 903 862 cum
922 803 985 862 suis
1004 800 1125 861 valvulis
1143 817 1179 866 40

108 893 220 953 lactum
240 897 324 951 aceto
343 909 376 950 ac
396 890 481 950 melle
501 890 628 951 dilutum
647 898 736 969 atque
755 892 795 950 ita
813 892 1001 971 impositum3
1025 889 1126 951 educit

109 982 190 1042 enim
214 980 387 1058 sanguinem
411 986 440 1039 et
463 979 596 1039 dolorem
619 978 705 1039 levat.

199 1067 279 1129 belle
306 1067 420 1129 faciunt
451 1078 481 1128 et
508 1067 582 1128 mala
611 1071 704 1128 citrea
732 1084 821 1146 quam
844 1069 969 1127 maxima
993 1070 1125 1146 quinque
1144 1084 1178 1133 41

70 1179 94 1218 m
108 1167 195 1219 cocta
218 1175 254 1216 ex
278 1159 354 1217 aceti
372 1158 509 1217 sextariis
527 1156 635 1237 tribus,
660 1156 754 1216 donec
773 1156 889 1216 madida
908 1156 993 1236 tiant;
1017 1155 1125 1235 quibus

109 1247 192 1307 tritis
215 1245 343 1306 adicitur
365 1245 503 1306 aluminis
526 1246 590 1306 lissi
612 1247 699 1306 uncia
722 1263 791 1325 una,
815 1262 930 1324 myrrae
953 1247 1041 1306 uncia
1066 1263 1126 1304 una

109 1343 200 1415 atque
223 1337 264 1394 ita
288 1333 470 1413 malagmatis
493 1352 575 1394 more
599 1333 726 1394 ferventi
748 1333 896 1413 podagrae
925 1336 1128 1413 imponuntur.

200 1422 279 1483 Bene
304 1423 374 1484 iacit
398 1431 428 1484 ct
451 1423 513 1483 aloe
533 1429 616 1483 aceto
636 1422 728 1483 diluta
751 1430 782 1483 et
800 1440 854 1501 per
872 1422 1025 1500 pinnulam
1043 1421 1125 1501 pedi·
1143 1434 1178 1482 42

110 1512 169 1573 bus
187 1512 323 1592 inducta3
342 1514 442 1590 opium
463 1530 581 1591 quicque
600 1510 676 1573 lacte
696 1510 835 1571 muliebri
853 1511 978 1572 dilutum
999 1519 1029 1571 et
1045 1512 1127 1570 simi-

72 1621 98 1662 is
112 1602 184 1662 liter
205 1599 322 1662 inlitum
346 1602 435 1662 iurat.
920 1647 923 1652 .

200 1688 324 1749 Mirifice
352 1688 409 1748 hoc
438 1688 615 1767 cataplasma
641 1687 788 1767 podagrae
812 1687 935 1748 cuilibet
957 1689 1126 1766 superposi·
1144 1699 1177 1748 43

111 1790 176 1852 tum
204 1777 355 1858 medetur3
382 1776 460 1838 tollit
487 1779 566 1836 enim
594 1777 695 1838 triduo
723 1775 869 1858 dolorem,
897 1776 1020 1836 lomenti
1044 1794 1126 1836 more

112 1867 310 1946 compositum
339 1869 395 1926 sic:
428 1865 562 1926 Fenicull
591 1867 713 1927 seminis
741 1865 839 1945 cyathi
866 1865 940 1945 duo,
968 1866 1065 1924 musci
1090 1864 1127 1924 de

112 1965 216 2034 stagno
236 1953 334 2034 cyathi
353 1954 421 2035 duo,
440 1954 576 2033 polentae
595 1956 695 2014 tenuis
714 1953 812 2032 cyathi
831 1954 899 2014 duo.
927 1952 1127 2014 Commiscen·

70 2065 98 2104 ao
112 2053 164 2106 tur
181 2042 254 2104 haec
272 2045 303 2102 in
329 2060 420 2103 canum
445 2051 569 2104 contusa
592 2045 663 2103 trita
687 2050 775 2122 atque
794 2042 908 2120 molita3
932 2042 1038 2102 deiude
1058 2060 1127 2102 con-

113 2139 294 2212 sparguntur
323 2150 399 2210 aqua
431 2131 551 2210 pluviali
580 2139 609 2191 et
636 2134 677 2192 ita
705 2139 924 2213 temperantur,
939 2140 989 2191 ¹ne
1018 2132 1128 2192 durum
1179 2164 1183 2173 ·

113 2225 153 2283 sit
180 2221 427 2281 medicamentum
456 2238 530 2281 neve
559 2223 597 2281 sit
620 2228 760 2300 aquatum
784 2222 888 2301 nimis3
916 2221 995 2299 quod
1018 2223 1128 2300 inposi-

113 2319 176 2371 tum
205 2311 342 2388 protinus
370 2308 459 2389 levat,
486 2309 516 2369 id
546 2317 592 2370 est
618 2311 697 2370 intra
724 2309 858 2370 triduum
886 2307 962 2369 tollit
985 2308 1128 2369 dolorem.

114 2398 235 2460 Constat
263 2406 362 2458 autem
390 2415 472 2478 eum,
505 2399 557 2476 qui
584 2397 641 2458 boc
664 2393 864 2458 'medicamine
894 2405 939 2457 ter
966 2399 997 2457 in
1025 2413 1128 2456 mense

73 2505 101 2547 cs
115 2490 194 2547 inter
221 2486 314 2546 denos
343 2485 406 2545 dies
434 2503 507 2546 usus
535 2486 638 2564 luerit,
666 2488 698 2546 in
723 2495 812 2546 nocte
840 2503 901 2545 non
924 2484 1128 2546 laboraturum

114 2575 260 2654 podagrae
284 2573 395 2637 dolore.

203 2663 246 2723 Ad
274 2662 411 2740 frigidam
439 2662 612 2741 podagram,
640 2680 716 2741 quae
745 2663 810 2721 sine
833 2669 950 2722 tumore
973 2669 1033 2743 est,
1059 2680 1127 2723 con·
1146 2674 1181 2723 44

114 2753 214 2812 licitur
240 2751 416 2830 cataplasma
445 2752 501 2812 sic:
535 2750 647 2811 Ciceris
675 2752 753 2828 nigri
780 2749 875 2810 moliti
903 2753 1050 2812 sextarius
1079 2769 1127 2811 co·

116 2843 217 2920 quitur
245 2858 281 2900 ex
309 2857 384 2919 aqua
412 2847 443 2900 et
469 2840 626 2918 diligenter
654 2841 776 2918 teritur,
804 2840 854 2898 cui
881 2839 1009 2900 adicitur
1037 2858 1128 2900 axun-

73 2948 101 2988 eo
115 2931 178 3008 giae
215 2927 377 3006 pauxillum
415 2937 444 2988 et
481 2928 552 2988 drrm
591 2927 668 2989 calet
700 2927 965 3008 medicamentum,
1001 2928 1128 3007 pedibus

114 3019 276 3095 inponitur.

203 3105 402 3183 Faenograeci
429 3107 550 3166 seminis
578 3112 609 3165 et
637 3096 742 3165 ho'rdei
769 3105 881 3165 larinae
914 3105 1000 3165 binos
1032 3111 1125 3165 sexta·
1146 3116 1181 3165 45

115 3196 177 3255 rios
196 3193 341 3254 cribratos
360 3195 392 3254 in
410 3212 503 3254 unum
523 3193 662 3254 miscebis
681 3201 712 3254 et
730 3194 879 3272 decoqucs
898 3212 934 3253 ex
949 3211 1023 3272 aqua
1038 3200 1127 3271 atque
1183 3187 1189 3194 '

115 3283 206 3343 addes
234 3281 290 3342 olei
319 3283 398 3360 quod
428 3283 556 3344 srrldciat
584 3300 617 3342 ac
646 3281 772 3343 subinde
799 3282 927 3342 calidum
952 3282 1128 3360 cataplasma

89 3445 94 3456 ·
206 3423 221 3472 6
249 3417 406 3471 lomentum
432 3416 513 3472 fabae
543 3416 671 3488 molitae]
700 3419 843 3470 omentum
872 3417 1030 3487 caprinum,
1058 3417 1127 3472 item

115 3489 183 3544 faba
200 3486 301 3543 molita
319 3486 443 3544 Scribere.
552 3486 675 3558 volgulis
695 3487 856 3543 Gornorius.
957 3495 990 3543 28
1010 3485 1126 3559 Ciceris]

115 3559 220 3631 piperis
239 3559 363 3614 Scribere.

1167 3732 1240 3839 Γ
