2609 4017
502 160 741 225 -375-

110 324 147 386 ad
172 322 367 402 chiragricos,
396 320 432 382 ed
455 321 618 403 arthritim,
646 323 682 383 ad
710 322 754 382 ilii
776 321 922 404 dolorem,
951 323 987 384 ad
1013 326 1128 385 uentris

110 411 275 490 molestias,
304 411 339 470 ad
364 429 525 472 nervorum
548 413 783 472 contractionem
807 418 837 471 et
860 411 896 472 ad
920 430 1023 472 omnes
1046 413 1127 473 dolo·

109 520 174 580 res,
203 503 256 579 qui
284 507 355 561 sunt
381 501 412 560 in
441 517 581 580 corpore3
613 501 770 561 conficitur
797 498 861 560 Xll.
888 499 952 561 Kal.
979 500 1033 561 lul.
1065 520 1125 561 non

110 593 239 650 interest
262 607 321 668 quo
343 588 392 648 die
411 589 457 648 vel
475 588 545 650 luna
564 587 609 648 vel
628 589 745 670 malina,
764 588 924 649 dummodo
944 607 1034 668 supra
1053 592 1126 650 scri·

82 687 183 757 sptus
202 678 267 738 dies
285 676 470 759 observetur,
489 695 548 757 quo
565 677 753 738 medicamen
766 677 817 738 fiat
836 679 893 739 sic:
913 677 978 738 Olei
992 677 1024 739 P.
1040 676 1127 757 XXV,

111 767 164 828 sed
194 767 313 846 optimi,
341 767 401 827 vini
430 767 534 845 optimi
557 765 656 845 pondo
680 763 759 824 XXV
781 795 826 807 -
849 775 991 845 quantum
1015 767 1126 828 bonum

109 856 203 916 fuerit
227 857 342 933 vinnm,
371 862 485 915 tantum
513 853 621 914 melius
645 855 703 915 erit
725 853 974 916 medicamentum
1000 887 1038 900 -
1065 874 1126 916 ser·

110 943 183 1024 pylli
216 945 390 1022 campestris
421 943 578 1004 fesciculos
607 941 633 1003 X
661 950 721 1003 tam
749 943 876 1020 grandes
904 962 992 1022 quam
1020 963 1126 1004 manus

109 1035 168 1092 viri
196 1033 331 1111 recipere
359 1039 471 1112 potest3
499 1031 551 1092 sed
580 1049 671 1110 supra
699 1033 809 1111 scripta
837 1031 885 1091 die
913 1032 1011 1111 colligi
1037 1032 1127 1094 debet

69 1145 95 1184 ro
109 1119 287 1200 serpyllum,
315 1128 349 1181 ut
378 1122 476 1180 statim
506 1138 611 1180 recens
640 1139 709 1181 cum
735 1138 825 1198 supra
848 1120 936 1180 dictis
958 1121 1127 1199 liquoribus

108 1216 272 1289 coquatur,
299 1210 377 1287 quod
402 1216 521 1288 oportet
545 1219 602 1270 tam
626 1208 679 1269 diu
702 1211 804 1288 coqui,
828 1227 984 1288 quousque
1007 1209 1044 1269 ad
1068 1209 1128 1270 olei

108 1315 283 1360 mensuram
311 1297 411 1377 liquor
439 1299 535 1358 omnis
563 1299 673 1374 veniat3
702 1316 771 1358 cum
797 1297 984 1379 refriguerit,
1011 1296 1127 1359 colatur

109 1387 269 1466 diligenter
300 1392 330 1446 ct
359 1385 411 1446 ubi
439 1385 566 1447 nitidum
594 1386 698 1467 fuerit,
731 1385 822 1446 addes
851 1389 968 1447 resinae
996 1389 1126 1466 pityinae

109 1474 210 1554 pondo
235 1477 300 1557 tria,
323 1476 502 1554 opopanacis
520 1473 625 1535 libram
645 1477 745 1554 semis,
767 1474 885 1552 galbani
901 1474 1006 1536 libram
1026 1477 1126 1554 semis,

70 1587 96 1628 rs
110 1581 199 1625 cerae
219 1565 301 1624 rufae
315 1562 421 1624 libram
436 1564 535 1644 semis,
553 1565 679 1624 storacis
692 1562 808 1642 libram,
827 1563 1009 1642 opobalsami
1024 1597 1062 1606 —
1079 1562 1126 1624 vi.

110 1652 192 1712 Haec
216 1653 314 1713 omnia
337 1651 502 1712 confundes
526 1653 557 1711 in
580 1653 638 1712 isto
662 1651 741 1731 ole03
768 1659 915 1711 storacem
939 1669 1009 1711 sane
1031 1669 1126 1732 panes

110 1743 143 1802 in
167 1739 272 1800 balneo
300 1747 331 1800 et
352 1740 394 1800 ibi
418 1739 514 1801 solves
537 1750 626 1819 atque
649 1742 681 1799 in
704 1741 846 1800 mortario
868 1748 950 1801 teres
972 1748 1003 1800 ct
1025 1742 1126 1800 remit-

111 1838 158 1890 tes
187 1831 285 1889 omnia
312 1831 343 1888 in
369 1847 419 1888 ras
443 1847 563 1888 aereum
586 1829 688 1908 ibique
711 1846 804 1905 pones
828 1828 864 1888 ad
887 1829 986 1889 focum
1010 1830 1126 1908 species

112 1935 204 1997 snpra
223 1920 359 1999 scriptas,
378 1934 453 1996 quae
473 1925 532 1978 tam
551 1917 602 1978 diu
622 1923 798 1997 coquantur,
817 1917 957 1995 quamdiu
972 1916 1126 1977 solvantur

69 2029 97 2069 eo
112 2006 202 2088 bene,
230 2005 337 2066 deiude
365 2006 402 2066 de
431 2008 529 2066 resina
556 2004 710 2085 pulverem
736 2005 826 2065 facies
849 2013 879 2066 et
902 2024 1042 2085 asperges
1064 2024 1125 2066 me·

110 2096 264 2174 dicamini,
287 2095 358 2154 dum
382 2094 478 2155 adhuc
502 2096 655 2175 coquitur,
680 2113 739 2173 quo
761 2093 944 2173 malagmatis
967 2095 1032 2156 loco
1056 2113 1125 2155 cum

111 2202 187 2263 opus
210 2183 301 2244 fuerit
324 2185 427 2244 uteris.

201 2271 341 2333 Ceratum
370 2271 405 2332 ad
433 2271 598 2350 chiragram
626 2280 657 2332 et
683 2273 833 2352 parotides
860 2280 891 2334 et
919 2280 1053 2333 tumores
1081 2273 1123 2332 di·
1143 2288 1179 2338 50

111 2378 214 2421 versos
245 2369 276 2420 et
303 2358 416 2420 fistulas
448 2367 479 2420 et
506 2359 682 2420 furunculos
715 2363 823 2439 accipit
855 2361 940 2420 baec:
979 2359 1124 2420 Cerussae

70 2471 99 2512 ss
112 2450 147 2511 P:
163 2449 190 2531 1,
213 2451 389 2509 ammoniaci
411 2448 442 2508 P.
461 2446 488 2527 l,
512 2447 570 2507 clei
592 2448 624 2508 P.
641 2447 670 2529 ,l;
698 2467 820 2508 cerussa
846 2448 970 2508 terenda
992 2450 1024 2507 in
1047 2466 1125 2508 mor·

112 2540 189 2600 tario
217 2537 457 2616 diligentissime,
485 2534 592 2596 deinde
620 2535 718 2596 oleum
746 2536 886 2614 paulatim
915 2537 1126 2614 supermitten-

113 2628 197 2706 dum,
226 2634 256 2686 et
279 2645 347 2686 cum
371 2624 460 2686 simul
482 2626 552 2685 trita
575 2624 688 2684 fuerint
710 2627 817 2706 omnia,
841 2624 983 2684 mittenda
1006 2626 1038 2684 in
1061 2643 1125 2684 cac-

114 2715 219 2776 cabum
244 2714 291 2774 vel
313 2713 446 2794 trullam,
473 2721 508 2774 ut
530 2713 677 2794 ferveant,
705 2723 735 2774 et
758 2713 828 2773 dum
852 2721 1038 2792 coquuntur,
1061 2715 1126 2773 sine

114 2805 333 2865 intermissione
353 2803 496 2881 agitanda.
530 2801 588 2862 Sed
606 2820 675 2863 cum
694 2802 819 2862 densum
833 2820 899 2862 esse
914 2804 1047 2881 coeperit
1064 2820 1125 2861 me-

71 2914 101 2954 ac
115 2893 249 2954 dicamen
272 2891 308 2952 ad
332 2893 462 2970 speciem
486 2893 589 2971 ceroti,
613 2899 677 2951 tum
696 2892 912 2950 ammoniacum
932 2892 1037 2951 tritum
1059 2890 1124 2951 dili·

115 2989 218 3060 genter
237 2979 507 3058 supermittendnm
526 2979 739 3058 coquendaque
757 2979 845 3040 simul
865 2981 962 3039 omnia
977 2979 1059 3039 boris
1073 2997 1125 3039 sex

114 3070 194 3130 lento
209 3072 286 3148 igne,
306 3087 343 3128 ne
358 3068 530 3148 adurantur,
548 3078 578 3128 et
592 3070 657 3129 sine
671 3069 845 3147 cessatione,
860 3067 1124 3147 domcoqnuntur,

115 3158 264 3238 agitanda3
284 3175 352 3217 cum
373 3157 483 3217 videris
502 3158 600 3217 omnia
621 3155 697 3216 bene
711 3157 811 3235 mixta,
829 3155 958 3216 defunde
972 3159 1003 3215 in
1018 3172 1125 3234 aquam

115 3247 251 3326 frigidam
266 3253 296 3306 et
310 3245 447 3318 manibus
461 3244 566 3323 subige
580 3244 626 3305 vel
640 3246 768 3324 perfrica
783 3253 812 3306 et
826 3246 869 3304 sic
883 3261 994 3323 repone
1012 3252 1042 3304 et
1056 3262 1125 3304 oum

76 3354 101 3396 cs
114 3353 187 3397 usus
211 3335 352 3414 exegerit,
376 3333 472 3395 alutae
491 3333 582 3393 inline
602 3341 632 3394 et
650 3335 694 3393 sic
713 3333 827 3411 adpone
845 3332 919 3392 locis
939 3335 1127 3393 necessariis.

204 3529 220 3578 9
239 3522 341 3593 collegi
361 3520 519 3578 Carnarius.
593 3525 628 3576 20
646 3520 735 3576 focius
753 3521 832 3576 idem.
