2609 4017
571 181 813 244 -170—

598 359 678 421 ChP.
702 358 788 421 XVll.

184 471 238 526 Ad
256 470 461 541 suspiriosos
479 471 537 527 vel
553 473 599 527 ad
618 471 821 541 dyspnoicos
836 474 870 527 et
884 473 929 527 sd
943 485 1062 527 omnes
1078 484 1203 528 causes

184 559 396 626 anteriorum,
420 560 463 616 de
486 560 612 630 quibus
633 560 743 631 ruptis
765 559 903 630 sangnis
925 563 1071 630 emanat,
1095 563 1131 616 et
1155 561 1203 616 ad

184 648 334 704 vomitus
360 649 610 718 restringendos
642 652 678 706 et
704 649 939 718 provocandos
971 652 1006 705 et
1032 650 1079 704 ad
1105 649 1202 704 sitim
1295 651 1296 680 ³

183 739 366 793 arcendam
381 740 416 792 et
429 737 473 793 ad
486 737 657 807 singultus
669 738 872 794 inhibendos
888 740 923 793 et
936 738 979 793 ad
992 738 1202 794 reumaticos

184 828 219 881 et
245 826 290 881 ad
311 826 430 882 vulsos
451 827 602 882 remedia
619 827 833 883 rationabilis
850 830 886 883 et
903 827 1044 896 physica
1063 826 1202 882 diversa

531 916 574 971 de
598 915 850 987 experimentis.

149 1060 164 1109 1
272 1050 316 1111 hd
336 1053 498 1131 suspirium
517 1051 588 1112 lacit
611 1051 688 1113 hene
711 1059 838 1132 acetum,
857 1051 936 1131 quod
956 1051 1126 1112 scilliticum
1153 1070 1202 1111 vo-

184 1147 261 1220 cant,
285 1140 423 1201 cocliario
442 1148 489 1201 ter
508 1149 649 1220 quaterve
673 1148 826 1220 sumptum
844 1139 879 1200 ad
899 1140 986 1201 diem.
1023 1139 1153 1201 Prodest
1171 1147 1204 1201 et

184 1228 266 1289 scilla
290 1228 391 1308 argilla
415 1229 598 1292 circumdata
622 1238 653 1290 et
670 1231 760 1291 furuo
779 1237 862 1291 cocta
885 1231 1019 1308 purgatis
1043 1231 1202 1289 exteriori·

183 1317 240 1378 hus
263 1317 467 1396 putaminibus
489 1326 520 1379 ct
542 1318 622 1399 quod
646 1321 711 1380 eius
734 1321 930 1380 tenerrimum
954 1325 1000 1378 est
1023 1321 1131 1378 tritum
1151 1318 1202 1378 ad-

183 1407 269 1467 iectis
292 1406 388 1467 mellis
401 1407 492 1468 Attici
510 1407 626 1469 duabus
644 1408 781 1487 partibus
800 1416 831 1468 et
849 1409 926 1468 accii
943 1406 1014 1467 boui
1032 1425 1091 1467 una
1110 1414 1228 1485 partes

183 1503 272 1574 atque
291 1497 331 1556 ita
350 1496 472 1557 decocta
491 1505 521 1558 et
539 1515 593 1576 per
611 1497 731 1576 ligulam
746 1515 835 1558 unam
851 1496 943 1557 semel
957 1497 987 1555 in
1003 1495 1051 1556 die
1070 1503 1201 1574 sumpta.

148 1591 164 1640 2
272 1583 388 1646 Profuit
411 1586 512 1647 multis
535 1587 571 1646 ad
595 1588 758 1666 suspirium
784 1585 830 1646 vel
849 1585 1029 1665 dyspnoeam
1048 1583 1203 1664 depellen-

184 1673 251 1734 dam
278 1675 381 1754 pulmo
409 1674 505 1755 vulpis
528 1675 575 1736 vel
597 1678 683 1736 iecur
705 1678 736 1735 iu
760 1674 816 1735 olla
839 1674 924 1736 fictili
946 1681 1084 1735 exustum
1108 1683 1202 1752 atque

183 1762 219 1823 ad
249 1766 380 1824 cinerem
407 1764 561 1825 redactum
589 1775 620 1825 et
646 1764 749 1825 datum
772 1763 807 1824 ad
832 1763 910 1824 diem
933 1765 1034 1823 ieiuno
1056 1779 1202 1822 mensura

184 1851 391 1912 cocliariorum
414 1854 506 1913 trium
529 1871 597 1914 cum
621 1871 715 1932 aquae
736 1852 850 1932 cyathis
874 1851 980 1932 trihus,
1004 1854 1030 1911 si
1048 1851 1242 1911 lehricita·1o

183 1938 240 2000 bit:
259 1942 285 2000 si
304 1942 441 2001 sincerus
459 1943 526 2021 crit,
545 1960 582 2001 ex
600 1944 669 2003 vino
688 1950 803 2022 vetere3
821 1940 934 2021 profuit
953 1949 983 2002 ct
997 1940 1098 2019 pulmo
1117 1942 1202 2000 cervi

183 2027 287 2088 eodem
310 2028 398 2089 modo
421 2030 569 2090 arefactus
593 2038 623 2091 et
646 2030 742 2092 datus

148 2123 164 2172 3
271 2115 398 2177 Prodest
416 2119 588 2195 suspiriosis
602 2119 660 2180 hoc
675 2119 924 2180 medicamentum
939 2117 1107 2179 evidenter·
1130 2117 1201 2178 Alu-

182 2205 272 2264 minis
299 2205 361 2265 lissi
386 2204 479 2285 xv1,
507 2209 567 2286 opii
589 2207 657 2269 xl.
701 2210 785 2287 Aqua
809 2209 915 2286 exigua
938 2209 1039 2287 opium
1063 2205 1201 2287 diluitur,
1297 2191 1298 2216 ¹

183 2294 326 2353 miscetur
348 2293 471 2355 alumini
494 2304 562 2357 aute
586 2299 666 2357 trito.
704 2296 795 2358 Fiunt
818 2296 930 2375 globuli
953 2297 1060 2357 ciceris
1086 2298 1240 2374 magui-1⁵

182 2380 295 2461 tudine,
318 2381 426 2444 dautur
449 2385 550 2446 ieiuno
569 2392 637 2445 ante
657 2384 758 2446 cibum
778 2386 915 2465 quaterni
934 2395 985 2446 aut
1004 2385 1098 2463 quini.
1134 2383 1201 2444 Hoc

183 2469 429 2532 medicamentum
458 2480 489 2533 et
516 2473 551 2534 ad
581 2476 735 2552 sauguinis
763 2475 950 2553 eruptionem
984 2491 1019 2534 ex
1046 2474 1200 2533 interiori-

182 2558 239 2619 bus
262 2560 397 2638 partihus
420 2560 491 2623 lacit
521 2569 551 2622 et
578 2562 614 2622 ad
642 2569 775 2624 veterem
801 2570 916 2623 tussem
940 2572 971 2622 et
992 2562 1029 2622 ad
1052 2562 1200 2640 pthisicos
1297 2621 1298 2644 χ

138 2687 142 2694 -
182 2647 227 2707 vel
252 2648 409 2727 purulenta
433 2659 616 2711 excreantes.
1297 2659 1298 2662 ’

146 2742 165 2790 4
271 2735 335 2796 Hoc
358 2754 477 2816 quoque
500 2738 751 2800 medicamentum
777 2738 812 2798 ad
836 2739 999 2817 suspirium
1022 2740 1096 2798 satis
1120 2757 1200 2799 com·
1213 2755 1237 2795 so

182 2822 270 2884 mode
293 2823 377 2884 iacit:
406 2824 543 2904 Sulpuris
567 2826 632 2906 iil,
656 2830 728 2888 nitri
750 2827 775 2887 ll
794 2825 816 2907 1,
839 2826 974 2887 abrotani
997 2826 1077 2904 quod
1101 2826 1200 2888 tribus

183 2910 284 2988 digitis
307 2912 510 2990 conprehendi
528 2918 632 2994 possit.
665 2914 745 2976 llaec
764 2914 989 2976 contunduntur
1008 2923 1037 2975 et
1057 2922 1200 2978 teruntur

183 2999 314 3079 curiose3
338 3017 406 3060 cum
430 3019 505 3080 opus
529 3011 583 3081 est,
606 3002 715 3064 dautur
738 3023 773 3064 ex
795 3003 842 3064 his
861 3005 961 3064 ieiuno
981 3003 1121 3064 cocliaria
1141 3005 1200 3066 duo

183 3104 252 3147 cum
275 3086 392 3148 duobus
416 3090 529 3169 cyathis
551 3094 628 3152 aceti
651 3092 747 3154 calidi.

271 3258 328 3314 tit:
354 3259 531 3343 suspiriosus.
640 3263 819 3335 arteriorum]
844 3262 1009 3318 arteriarum
1034 3260 1199 3318 Omoemus.

181 3328 319 3400 vomicas]
338 3331 467 3387 vomitus
558 3334 777 3402 restringendes
867 3333 1070 3404 provocandos.
1164 3333 1197 3388 sd

182 3415 233 3454 om.
252 3405 316 3454 oute
334 3400 481 3482 singultus.

273 3470 1040 3546 1sci11itum.aargila.f0rno.adyspnuam
1089 3481 1122 3530 11
1138 3493 1199 3531 sen·
1296 3465 1298 3558 l

183 3555 272 3595 cerus.
344 3547 379 3596 28
398 3543 453 3598 duo
473 3561 536 3599 cum
554 3562 604 3599 om.
