2609 4017
586 191 804 255 „15-

186 365 320 419 mentum
348 357 413 416 eius
440 356 558 435 generis
588 354 790 415 remediorum
819 354 942 430 habent,
974 356 1081 415 merito
1113 371 1208 414 accu-

188 446 272 507 sandi
295 452 373 525 sunt,
398 444 478 524 quod
501 452 561 504 tam
584 443 775 521 neglegentes
798 444 830 503 in
848 451 909 505 tam
928 445 1096 505 necessaria
1115 450 1208 521 parte

187 537 260 596 artis
284 534 410 611 fuerint,
433 535 495 593 sive
519 534 634 611 experti
658 531 779 612 quidem
805 539 876 593 sunt
903 551 1007 593 eorum
1032 531 1208 613 utilitatem,

188 624 335 701 denegant
358 630 457 682 autem
479 639 576 703 usum,
600 624 693 700 magis
716 620 855 701 culpandi
878 630 957 703 sunt,
983 623 1052 701 quia
1075 622 1207 681 crimine

187 712 366 773 invidentiae
391 710 527 792 flagrant,
556 710 634 790 quod
660 707 770 771 malum
793 729 862 772 cum
885 710 1023 771 omnibus
1046 711 1208 771 animanti·
1237 726 1249 766 s

188 801 244 861 bus
268 801 396 860 invisum
420 799 526 860 debeat
548 817 627 879 esse,
654 807 720 859 tum
746 802 907 879 praecipue
930 800 1067 881 medicis,
1091 798 1207 877 quibus

187 891 247 950 nisi
264 888 371 968 plenus
390 888 612 950 misericordiae
631 896 662 948 et
679 887 872 949 humanitatis
891 891 1007 950 animus
1026 896 1072 949 est
1095 906 1207 947 secun·

188 978 259 1038 dum
295 980 391 1057 ipsius
421 978 615 1056 professionis
648 977 846 1059 voluntatem,
882 977 1051 1038 homiuibus
1084 976 1206 1055 diisque

152 1067 327 1128 tomnibus
354 1069 442 1127 invisi
470 1065 578 1127 debent
601 1084 676 1127 esse.
718 1065 833 1127 Idcirco
859 1085 897 1127 ne
920 1066 1056 1127 hostibus
1080 1064 1207 1144 quidem

188 1157 297 1216 malum
325 1156 574 1216 medicamentum
608 1154 702 1236 dabit,
735 1157 787 1234 qui
819 1163 1004 1216 sacramento
1037 1154 1206 1214 medicinae
1222 1171 1246 1209 ro

187 1243 318 1324 legitime
337 1251 382 1305 est
402 1244 563 1323 obligatus3
583 1244 634 1305 sed
653 1251 853 1323 persequetur
871 1262 932 1325 eos,
951 1263 1019 1305 cum
1035 1262 1085 1303 res
1098 1250 1206 1321 postu·

187 1332 299 1413 laverit,
323 1341 357 1393 ut
379 1333 509 1393 militans
533 1342 563 1393 et
586 1334 659 1393 civis
682 1332 777 1394 bonus
797 1336 878 1393 omni
896 1333 992 1413 modo,
1018 1334 1086 1411 quia
1108 1331 1206 1391 medi·

188 1424 253 1483 cina
277 1440 337 1482 non
360 1421 478 1482 fortuna
501 1438 598 1501 neque
620 1424 758 1500 personis
776 1424 912 1483 aestimat
929 1422 1073 1501 homines,
1096 1438 1206 1480 verum

188 1510 351 1591 aequaliter
379 1509 518 1571 omnibus
545 1510 763 1589 inplorantibus
787 1512 893 1571 auxilia
919 1530 972 1572 sua
995 1518 1203 1589 porrecturam

188 1609 218 1661 et
241 1618 453 1661 succursuram
477 1617 509 1660 se
532 1598 692 1678 pollicetur
715 1599 848 1679 nullique
871 1617 1010 1678 umquam
1034 1600 1203 1659 nocituram
1217 1615 1244 1655 15

152 1699 168 1747 o
188 1690 353 1769 profitetur.
381 1688 591 1769 Hippocrates,
610 1689 746 1750 conditor
761 1696 879 1749 nostrae
894 1690 1096 1767 professionis,
1116 1688 1204 1747 initia

189 1778 361 1857 disciplinae
381 1777 417 1837 ab
436 1778 628 1839 iureiurando
647 1778 779 1858 tradidit,
801 1780 832 1837 in
855 1796 915 1857 quo
936 1784 1071 1838 sanctum
1090 1786 1144 1856 est,
1168 1781 1204 1836 ut

188 1884 226 1926 ne
253 1868 407 1944 praegnati
431 1866 550 1944 quidem
574 1866 836 1947 medicamentum,
864 1884 923 1945 quo
952 1872 1129 1944 conceptum
1152 1882 1202 1923 ex·

189 1956 315 2034 entitur,
339 1962 390 2014 aut
417 1954 505 2015 detur
528 1962 579 2015 aut
603 1954 825 2015 demonstretur
855 1974 872 2016 a
900 1973 1049 2034 quoquam
1075 1953 1202 2034 medico,

188 2043 326 2104 videlicet
348 2043 435 2122 longe
459 2043 663 2123 praeformans
681 2045 795 2103 animos
814 2044 993 2105 discentium
1012 2043 1047 2103 ad
1066 2042 1201 2102 humaui·
1216 2060 1242 2099 so

189 2140 289 2194 tatem.
331 2132 390 2203 Qui
413 2134 491 2192 enim
515 2132 598 2192 nefas
621 2134 855 2193 existimaverint
878 2151 930 2212 spe
954 2132 1042 2193 dubia
1065 2132 1202 2192 homines

189 2221 319 2302 laedere,
352 2228 496 2299 quantum
524 2220 681 2282 scelestius
708 2222 841 2300 perfecto
869 2224 928 2282 iam
955 2239 1064 2282 nocere
1091 2219 1203 2281 iudica·

188 2307 285 2371 hunt?
324 2309 423 2388 Magni
446 2328 517 2389 ergo
540 2312 705 2371 aestimarit
728 2327 837 2371 nomen
860 2309 1012 2390 decusque
1038 2308 1201 2370 medicinae

189 2417 365 2460 conservare
389 2400 439 2478 pio
459 2406 620 2478 sanctoque
639 2400 737 2460 animo
757 2416 905 2479 quemque
924 2398 1089 2460 secundum
1107 2399 1202 2475 ipsius

189 2490 375 2569 propositum
390 2505 422 2548 se
437 2495 603 2568 gerentem3
623 2489 747 2548 scientia
761 2489 840 2549 enim
855 2488 986 2568 sanandi,
1000 2506 1059 2547 non
1074 2486 1202 2547 nocendi
1215 2502 1240 2543 aa

189 2586 235 2640 est
258 2578 412 2639 medicina.
449 2577 530 2648 Quae
554 2578 613 2637 nisi
636 2578 718 2638 omni
740 2583 824 2657 parte
848 2596 901 2638 sua
919 2577 1006 2655 plene
1026 2574 1152 2637 excubat
1169 2576 1202 2635 in

189 2666 296 2728 auxilia
320 2666 528 2748 laborantium,
550 2684 611 2726 non
634 2673 767 2745 praestat
790 2684 878 2746 quam
901 2665 1059 2746 pollicetur
1076 2665 1201 2725 homini·

155 2755 246 2816 obus
273 2756 505 2816 misercordiam.
547 2754 689 2815 Desinant
717 2773 801 2835 ergo,
832 2757 883 2834 qui
910 2754 1052 2834 prodesse
1076 2753 1201 2815 adflictis

189 2850 240 2903 aut
268 2843 373 2903 nolunt
403 2851 454 2903 aut
481 2861 542 2903 non
569 2849 707 2922 possunt,
736 2842 809 2902 alios
833 2861 952 2922 quoque
976 2842 1129 2904 deterrere
1152 2860 1201 2903 ne·

189 2930 284 3009 gando
308 2932 405 3009 aegris
429 2930 549 3012 auxilia,
578 2948 653 3010 quae
677 2932 814 3009 pervim
836 2931 1121 2993 medicamentorum
1145 2932 1200 2992 fre·
1215 2948 1240 2989 oo

190 3028 316 3100 quenter
345 3018 531 3080 exhibentur.
578 3018 696 3079 Etenim
725 3022 810 3099 quasi
838 3039 892 3100 per
920 3022 1029 3100 gradus
1060 3020 1202 3101 quosdam

189 3108 336 3169 medicina
355 3106 557 3169 laborantibus
577 3110 736 3171 succurrit.
766 3109 840 3170 Nam
853 3112 984 3189 primum
999 3110 1075 3172 cibis
1089 3112 1201 3171 ratione

190 3204 318 3277 aptoque
341 3204 476 3276 ternpore
499 3197 575 3258 datis
598 3204 724 3277 temptat
746 3199 889 3276 prodesse
907 3198 1131 3281 languentibus3
1154 3197 1201 3259 de·

189 3285 259 3346 inde
279 3287 305 3345 si
323 3284 359 3346 ad
373 3285 429 3346 hos
443 3304 503 3348 non
517 3286 707 3367 responderit
725 3290 848 3370 curatio,
867 3287 903 3349 ad
919 3288 1202 3350 medicamentorum

262 3425 278 3473 3
302 3421 377 3475 urbes
400 3426 456 3477 1m.
544 3428 563 3485 ,6
586 3422 617 3477 in
639 3422 742 3492 quibus
762 3422 921 3479 Omoemus.
1021 3430 1054 3479 13
1073 3422 1200 3478 hominis.

193 3497 226 3546 tt
248 3495 412 3561 protectura
435 3494 510 3564 (ros.)
602 3498 634 3547 15
657 3496 686 3548 et
703 3510 753 3550 om.
846 3500 877 3548 tt
898 3494 947 3565 ab]
966 3495 1010 3551 ad
1102 3500 1134 3550 19
1154 3496 1201 3549 eut

192 3560 285 3635 detur]
305 3563 423 3619 cudetur
440 3569 489 3619 tm
507 3563 638 3619 audietur
656 3569 716 3621 2m.
789 3569 823 3618 22
843 3567 948 3632 quanto
968 3564 1128 3622 (fornacius.
