2609 4017
476 161 719 228 -155-

89 323 183 384 facere
211 326 366 404 catapotia
392 325 605 405 magnitudinis
633 323 730 406 labae,
758 325 827 386 inde
855 334 939 386 terna
964 326 1009 386 vel
1035 345 1105 406 qna·

88 420 168 471 terna
191 414 224 473 in
247 421 373 474 noctem
395 413 443 474 vel
466 417 544 475 sicca
567 413 614 475 vel
637 432 672 474 ex
701 414 783 475 calda
812 433 888 494 aqna
916 415 1000 494 dare,
1029 433 1104 494 quae

85 508 115 560 et
131 500 167 561 ad
186 501 364 563 inflationes
382 503 641 583 distensionesque
662 521 731 564 cum
749 521 842 582 aquae
862 503 972 564 calidae
991 503 1104 584 cyathis

85 587 180 650 trihus
198 591 323 652 utiliter
336 592 453 653 dantur.
485 593 530 652 Ad
544 610 609 652 eam
623 610 689 652 rem
702 594 856 652 remissior
870 592 990 672 quidem
1004 593 1103 671 pastil·
1123 605 1140 652 e

61 676 142 757 sius,
169 679 225 740 sed
252 698 320 741 non
343 681 579 742 contemnendus
601 682 711 760 accipit
733 680 819 742 haec:
857 681 957 764 Croci,
980 699 1105 763 myrrae,

82 765 197 849 alterci,
226 770 295 848 opii
324 769 454 849 pondera
481 771 565 849 paria
591 777 716 830 contusa
741 772 907 830 miscentur
929 770 1104 848 despumato

83 855 178 915 Attico
198 856 298 938 melli,
322 859 398 920 dunt
415 857 525 938 pastilli
542 859 678 919 eiusdem
697 858 847 939 ponderis,
868 867 902 920 ut
923 877 1012 938 supra
1032 863 1104 920 scri·

82 951 165 1020 mum
188 953 254 1026 est,
280 947 393 1007 dantur
414 949 496 1008 iuxta
519 955 647 1008 aetatem
670 955 700 1008 et
723 949 802 1008 vires
825 949 856 1007 in
880 956 1012 1028 noctem3
1034 949 1105 1010 licet

82 1039 111 1091 ct
131 1032 204 1094 hinc
224 1037 378 1114 catapotia
397 1036 495 1097 facere
513 1044 637 1116 propter
655 1035 778 1097 eandem
798 1053 917 1097 eausam
938 1035 1023 1114 [utile
1043 1037 1104 1119 sit]‚

49 1134 72 1173 ιο
84 1121 134 1181 sed
155 1129 234 1183 tunc
260 1143 358 1204 aquae
381 1124 440 1185 mel
461 1125 597 1186 adicitur.

168 1209 319 1275 Pastillus
337 1214 373 1275 ad
392 1216 501 1274 tussim
522 1222 552 1274 et
575 1214 612 1274 ad
635 1217 810 1294 sangninem
833 1215 993 1275 reicientes
1017 1222 1047 1274 et
1067 1214 1103 1275 ad
1123 1227 1139 1276 e

84 1299 276 1362 stomachum
300 1302 430 1363 solutum
449 1301 603 1382 habentes,
625 1303 696 1364 tacit
717 1312 747 1364 et
765 1303 801 1364 ad
821 1302 1017 1364 deiectionem
1036 1321 1104 1364 ven-

83 1389 136 1446 tris
159 1396 191 1449 et
216 1394 337 1452 vesicae
360 1390 507 1471 dolorem,
529 1394 639 1471 accipit
660 1391 747 1453 haec:
775 1393 843 1471 dpii
868 1394 990 1453 seminis
1014 1391 1104 1473 xvi,

84 1492 167 1537 rosae
185 1477 333 1541 loliorum
353 1480 551 1542 arefactorum
569 1483 600 1541 in
618 1481 725 1542 umbra
744 1479 847 1561 xxii,
866 1499 982 1560 myrrae
1001 1479 1104 1562 XXII,

51 1567 164 1626 ecroci
188 1565 294 1652 XXI,
322 1570 384 1648 opii
407 1567 513 1630 Xllll.
559 1570 627 1649 Apii
654 1587 756 1630 semen
785 1576 815 1629 et
838 1587 960 1629 crocum
983 1578 1014 1629 et
1036 1568 1105 1629 lolia

85 1670 168 1714 rosae
196 1657 431 1719 contunduntur
453 1657 697 1738 cribrantnrque,
725 1675 824 1736 myrra
852 1659 974 1736 teritur,
1003 1658 1104 1735 opium

61 1738 159 1820 'aqna
182 1755 371 1828 maceratur,
399 1749 498 1807 omnia
522 1747 629 1807 deinde
653 1749 801 1807 inunum
825 1747 1001 1824 miscentur3
1029 1763 1104 1825 aqua

86 1829 198 1893 adiecta
222 1836 303 1896 liunt
325 1834 435 1914 pastilli
458 1836 494 1896 ad
517 1836 634 1914 pondus
658 1835 773 1895 denarii
796 1835 929 1894 semissis
948 1841 999 1894 aut
1017 1835 1105 1894 tertia

89 1927 169 1994 parte
197 1923 347 2002 detracta,
375 1923 484 1985 dantur
507 1923 692 1985 stomachum
719 1921 901 1984 imbecillum
926 1921 1105 1984 habentibus

53 2015 118 2067 teet
138 2015 318 2090 sanguinem
342 2012 536 2072 reicientibus
563 2031 599 2073 ex
625 2031 718 2092 aquae
747 2012 871 2091 frigidae
897 2010 1010 2091 cyathis
1034 2011 1105 2072 duo·

89 2092 151 2178 bns,
173 2104 287 2162 ceteris
310 2120 346 2161 ex
369 2101 481 2162 calidae
505 2102 629 2162 totidem
651 2101 766 2181 cyathis
789 2101 854 2161 dari
876 2100 973 2161 debet.

172 2187 316 2250 Pastillus
340 2208 375 2250 es
399 2189 555 2270 odorihuS,
584 2191 636 2270 qui
663 2189 739 2250 hene
763 2190 834 2252 tacit
857 2189 893 2250 ad
917 2207 1035 2250 omnem
1058 2191 1102 2250 in·
1123 2198 1138 2247 7

90 2278 205 2337 ternum
230 2277 373 2358 dolorem,
396 2280 519 2357 proprie
542 2285 642 2340 autem
665 2279 702 2339 ad
725 2281 832 2340 tussim
855 2285 885 2338 et
904 2279 1035 2357 pectoris
1054 2278 1103 2338 de·
1131 2299 1134 2304 ¹

92 2361 280 2427 stillationem
304 2374 334 2427 et
357 2367 513 2427 oculorum
536 2366 708 2448 epiphoras,
734 2367 803 2428 iacit
827 2376 857 2427 et
879 2367 915 2427 ad
939 2368 1103 2445 suspirium

58 2457 121 2509 sset
141 2454 177 2514 ad
199 2455 306 2516 lateris
329 2455 462 2515 dolorem
489 2464 519 2516 et
548 2456 584 2516 ad
612 2456 770 2535 pthisicos,
794 2457 891 2514 vesica
915 2472 1034 2534 quoque
1058 2454 1105 2514 vel

92 2539 211 2605 renibus
236 2542 441 2604 laborantibus
463 2543 510 2603 vel
532 2546 706 2623 sanguinem
735 2543 772 2603 de
800 2545 886 2602 urina
909 2541 1104 2602 reddentibus

92 2632 282 2693 cumdolore
306 2631 421 2692 utiliter
443 2632 544 2714 datur,
571 2634 682 2710 accipit
703 2631 790 2692 haec:
827 2630 992 2690 Cinnami
967 2633 1104 2710 ,casiae,

93 2721 178 2801 croci,
201 2720 390 2800 singulorum
412 2719 438 2780 Ξ
461 2731 573 2803 ternos
600 2721 705 2781 alterci
727 2720 850 2780 seminis
874 2726 904 2778 et
926 2717 1104 2822 Apollinaris

93 2801 197 2872 herbae
222 2809 332 2870 radicis
355 2809 540 2888 singulorum
564 2808 781 2889 Xquaternos,
803 2809 916 2886 piperis
934 2805 960 2866 x
979 2806 1019 2889 11,
1043 2809 1104 2886 opii

61 2889 173 2979 sill,
202 2900 281 2960 turis
305 2897 404 2978 lllll,
431 2897 517 2959 nardi
539 2899 639 2976 spicae
662 2896 742 2959 llll.
787 2895 862 2958 Vino
885 2895 1010 2958 Falerno
1034 2915 1103 2957 eon·

95 2988 157 3045 tusa
178 2997 211 3048 et
232 2989 304 3048 trita
326 2987 413 3067 haec,
435 2994 470 3047 ut
492 2985 594 3066 debet,
618 2993 871 3067 consparguntur,
896 2985 972 3047 liunt
994 2985 1105 3065 pastilli

96 3070 129 3131 ad
149 3076 268 3153 pondus
292 3075 318 3136 ll
339 3077 472 3136 semissis
496 3084 548 3136 ant
566 3077 653 3136 tertia
671 3083 756 3155 parte
775 3075 921 3156 detracta3
946 3075 1081 3136 dantur'
1072 3092 1103 3135 m

95 3171 217 3246 noctem,
233 3173 330 3244 prout
352 3166 433 3242 aegri
455 3165 535 3224 vires
558 3173 637 3245 sunt,
661 3183 729 3225 crum
748 3181 841 3243 aquae
860 3163 973 3224 calidae
991 3165 1104 3243 cyathis

97 3246 208 3314 duobus
230 3262 282 3314 aut
303 3252 410 3314 trihus

161 3466 179 3514 s
196 3460 280 3515 caba
297 3457 369 3514 utile
387 3458 426 3513 sit
442 3473 501 3512 ooo
516 3463 582 3514 mot
600 3459 678 3526 apud
695 3457 820 3514 Scribere.
874 3462 907 3510 19
926 3447 1103 3511 imbic'illum.

98 3529 128 3580 22
144 3529 288 3600 pastellos.
360 3535 395 3584 25
413 3528 546 3599 phisicus.
618 3534 657 3584 281
673 3527 840 3599 apolenaris.
