2609 4017
601 204 636 213 -
688 167 844 232 272—

212 328 322 409 pastilli
336 329 527 390 denariorum
542 330 728 409 singulorum
742 337 795 390 aut
808 332 987 408 semissium,
1006 337 1041 390 ut
1054 330 1134 389 iuxta
1146 336 1217 389 aeta·

212 426 274 479 tem
302 426 353 480 aut
380 418 579 480 valetudinem
607 419 725 480 dentur.
766 418 882 479 Dantur
909 427 1007 479 autem
1031 420 1137 479 ieiunis
1158 420 1216 478 sine

211 507 295 568 febre
319 526 355 568 ex
378 510 440 568 vini
461 510 570 588 myrtei
592 515 644 569 aut
668 508 784 588 Signini
807 506 913 588 cyatho
937 526 996 568 uno
1022 525 1092 568 cum
1109 506 1216 568 duobus

211 615 304 676 aquae
328 598 429 672 mixto,
453 596 693 659 febricitantibus
717 615 786 657 vero
811 615 847 657 ex
870 614 963 676 aquae
987 595 1102 677 cyathis
1118 594 1215 656 tribus.
1271 605 1272 632 ³

211 683 274 745 lloc
306 687 395 746 etiam
426 703 482 764 per
510 686 683 766 clysterium
710 687 885 767 inmittitur,
918 687 1057 764 quotiens
1088 684 1235 745 desuem-a

210 775 309 834 ierint
331 776 497 855 torminosi,
521 774 630 854 quibus
653 784 684 836 et
707 777 733 836 si
755 777 886 853 graviter
908 773 1012 835 afflicti
1034 781 1104 835 sunt
1126 774 1214 834 stetin

210 862 341 941 prodest.

174 964 191 1012 3
299 950 342 1012 Ad
372 951 530 1034 coeliacos,
557 953 588 1013 id
611 954 734 1032 estqui
757 952 855 1013 subite
878 960 909 1013 et
931 950 1026 1012 multa
1049 950 1213 1029 defundunt,

211 1048 241 1100 et
264 1040 300 1100 ad
324 1040 419 1102 alvum
444 1044 565 1103 citatam
594 1050 624 1102 et
651 1042 689 1102 ad
711 1039 786 1101 levia
808 1041 961 1102 interdum
983 1042 1113 1101 tormina
1134 1039 1214 1099 medi·

210 1138 379 1191 camentum
411 1139 519 1210 potens
551 1132 611 1191 sio:
649 1129 814 1191 Sorborum
847 1130 999 1190 aridorum
1032 1136 1245 1190 contusorumu

211 1215 297 1299 811,
320 1219 394 1280 rhus
419 1218 541 1300 Syriaci,
565 1237 625 1298 quo
651 1222 717 1280 coci
739 1225 875 1299 utuntur,
898 1216 985 1298 811,
1009 1217 1214 1297 malagranata

210 1309 341 1368 recentia
371 1306 410 1389 X,
437 1307 514 1367 mala
542 1308 673 1388 cydonea
702 1315 818 1369 matura
842 1305 877 1370 X.
918 1305 998 1368 llaec
1026 1314 1153 1386 utraque
1173 1324 1214 1366 eo
1273 1319 1274 1328 ¹

209 1403 319 1455 cuntur
346 1398 379 1455 in
406 1414 476 1475 sapa
504 1396 580 1457 faeta
608 1416 644 1457 ex
673 1398 766 1458 musti
792 1396 889 1457 adhuc
916 1399 948 1457 in
976 1394 1055 1456 dolio
1084 1396 1213 1456 ferventis

210 1486 347 1545 sextariis
370 1487 493 1565 triginta
516 1504 577 1568 sex,
601 1504 758 1567 quousque
779 1486 815 1545 ad
835 1488 980 1546 sextarios
999 1484 1156 1545 duodecim
1172 1483 1213 1544 de

209 1582 377 1653 coquantur
405 1582 436 1636 et
463 1574 558 1637 donec
586 1574 732 1637 malorum
760 1576 842 1635 coria
864 1581 1088 1653 percoquuntur
1111 1582 1141 1634 et
1162 1575 1243 1633 simu

208 1663 339 1745 madida3
364 1663 471 1726 deinde
494 1666 535 1725 ita
556 1672 696 1726 teruntur
713 1664 787 1725 haec
806 1663 890 1724 fictili
907 1664 1059 1744 mortario,
1082 1671 1116 1723 ut
1133 1679 1213 1741 grane
1274 1673 1275 1724 3

209 1754 307 1812 omnia
335 1756 587 1835 comminuantur,
615 1761 720 1832 postea
748 1752 822 1813 rhus
850 1761 880 1813 et
907 1751 996 1813 sorba
1023 1750 1107 1812 arida
1133 1751 1212 1811 admi·
1274 1761 1275 1766 ’

209 1848 331 1902 scantur
357 1850 446 1903 tunsa
474 1851 504 1904 et
531 1842 661 1903 cribrata
688 1844 806 1903 curiose
830 1849 953 1902 etcum
975 1858 1054 1921 sapa,
1079 1848 1213 1919 quaeest

207 1930 336 2011 residua,
355 1939 568 2010 temperantur.
597 1930 744 1992 Omnibus
763 1948 834 2009 ergo
853 1932 885 1991 in
904 1948 997 1992 unum
1016 1928 1093 1990 bene
1111 1930 1212 1990 coactis
1275 1999 1276 2012 ,

208 2021 364 2096 reponitur
385 2020 634 2081 medicamentum
652 2022 685 2081 in
699 2022 796 2081 vitreo
809 2038 889 2100 raso,
908 2019 1016 2080 dantur
1030 2018 1100 2079 inde
1110 2019 1213 2079 ieiunis
1223 2036 1245 2076 ao

207 2104 313 2183 ligulae
338 2106 414 2167 duae
436 2107 483 2167 vel
505 2117 568 2169 tres
592 2111 656 2170 sine
680 2108 770 2170 ullius
793 2111 838 2169 rei
861 2108 1050 2170 admixtione.

173 2202 188 2251 3
295 2193 437 2256 Pastillus
460 2195 496 2256 ad
519 2200 700 2259 torminosos
724 2198 872 2258 efficacior
894 2197 1051 2258 conficitur
1070 2198 1126 2257 sic:
1148 2196 1213 2256 Aca·

208 2283 270 2342 eiae
290 2282 397 2364 111111,
421 2287 502 2346 croci
520 2285 546 2346 1
565 2285 600 2367 ll,
623 2286 716 2365 gallae
735 2285 761 2346 11
779 2285 871 2366 Vllll,
894 2285 1097 2366 hypocistidos
1115 2284 1141 2344 X
1158 2282 1215 2364 llll,

207 2369 275 2451 lycii
298 2372 405 2454 llllll,
428 2392 544 2455 myrrae
568 2374 676 2455 llllll,
699 2375 782 2458 rhus,
806 2394 865 2454 quo
889 2377 955 2436 coci
977 2382 1114 2455 utuntur,
1136 2372 1215 2434 nardi

208 2459 321 2539 Syriaci
349 2464 461 2544 spicae,
489 2464 582 2546 aleca,
614 2464 801 2543 singulorum
829 2464 967 2525 denarios
995 2464 1098 2545 binos,
1130 2464 1245 2542 anesin

207 2554 346 2633 gummis,
367 2553 553 2632 singulorum
577 2552 603 2613 11
625 2562 737 2634 ternos,
760 2555 874 2633 piperis
893 2554 971 2632 nigri
989 2552 1015 2613 1
1033 2552 1069 2613 11.
1107 2552 1213 2613 Terun-

206 2648 256 2699 tur
283 2639 357 2701 haec
385 2641 543 2720 diligenter
571 2648 601 2702 et
628 2660 665 2702 ex
688 2660 761 2703 suco
784 2641 853 2703 rubi
877 2641 1092 2703 cauliculorum
1114 2640 1162 2701 rel
1183 2659 1213 2701 ex

205 2730 274 2788 vino
299 2728 422 2807 Signino
446 2730 567 2810 collyria
590 2732 757 2792 formantur
779 2733 840 2792 ritu
862 2749 976 2812 eorum,
1000 2748 1075 2811 quae
1095 2730 1132 2791 ad
1151 2748 1212 2790 oeu-

205 2814 250 2876 los
268 2818 353 2898 fiunt,
376 2837 445 2879 eum
463 2826 562 2879 tamen
581 2821 622 2880 ita
640 2819 732 2881 fuerit
749 2819 823 2881 levis
841 2819 998 2900 conlectio,
1016 2826 1052 2880 ut
1069 2821 1103 2879 in
1121 2837 1212 2897 ungue

206 2903 286 2963 nulla
309 2917 412 2983 pareat
434 2907 596 2986 aspritudo.
635 2907 806 2987 linguntur
827 2917 928 2970 autem
950 2908 1007 2969 alia
1029 2908 1243 2970 denariorumu

206 2990 404 3075 singulorum,
432 2994 488 3054 alia
516 2998 698 3079 semissium,
726 3016 801 3076 quae
827 2999 1002 3078 iniciantur3
1031 2997 1084 3057 sed
1108 3000 1213 3058 rectius

206 3079 242 3141 ad
269 3078 346 3141 hane
373 3100 543 3145 mensuram
570 3086 681 3165 pastilli
704 3085 868 3168 dabuntur,
895 3089 935 3148 ita
958 3094 993 3147 ut
1016 3104 1096 3147 unus
1120 3089 1212 3147 ieiuno

205 3177 273 3231 ante
297 3170 462 3253 meridiem,
485 3172 560 3234 alter
583 3176 615 3234 in
638 3183 757 3237 noctem
781 3194 817 3235 ex
840 3194 926 3257 aqna,
949 3177 976 3236 si
998 3174 1099 3236 febres
1123 3185 1212 3255 erunt,

295 3329 311 3377 2
331 3323 522 3381 valitudinem.
596 3334 613 3383 4
632 3328 759 3384 mixtum.
824 3335 840 3383 6
860 3328 961 3383 afflicti
978 3327 1054 3400 sunt]
1074 3328 1211 3386 defliescit.

207 3399 239 3474 19
258 3394 404 3451 tridorum.
495 3404 527 3453 16
547 3401 691 3455 mortario.
778 3406 811 3455 19
829 3401 1031 3469 temperantur.
1118 3399 1211 3471 unum]

205 3480 309 3518 vinam.
348 3535 354 3547 ·
414 3472 448 3521 22
468 3470 580 3525 acaciae
599 3468 626 3523 Ξ
640 3470 728 3539 XIHl,
747 3472 794 3527 ced
813 3471 846 3524 X
862 3472 984 3529 3131313331.
1095 3470 1209 3527 2411311.

205 3538 239 3586 25
259 3534 436 3591 denarrarem
454 3537 543 3593 binos.
616 3546 652 3595 30
670 3542 781 3613 pareat]
801 3544 937 3611 appareat
955 3542 1117 3600 emuna.

37 3914 41 3977 ,
97 3670 243 3976 ‘t
