2609 4017
537 166 757 230 -94..

555 346 634 407 CAP.
658 345 744 407 Vllll.

210 461 266 518 Ad
287 459 423 515 aurium
446 459 582 516 dolores
604 457 784 515 universos
809 461 844 514 et
866 458 949 514 vitia
972 457 1086 514 omnio

509 551 544 604 et
566 548 786 616 surdiginem.

107 701 121 748 1
190 743 193 748 ,
230 685 319 746 Fellis
342 687 456 764 caprini
476 677 556 772 21,
579 684 676 745 mellis
697 677 769 772 21
793 692 930 744 conteres
949 687 1030 745 etin
1049 684 1155 763 strigili

141 775 294 836 calefacies
318 783 347 836 et
370 774 509 834 infundes
535 781 565 834 et
588 773 654 834 lana
679 773 818 834 occludes
842 791 954 834 aurem.
994 772 1075 834 Nihil
1090 772 1154 834 'hoc

140 865 333 925 medicamine
357 864 509 942 potentius
531 881 628 942 neque
652 865 779 943 certius,
807 864 896 922 etiam
919 864 945 922 si
972 864 1154 923 intrinsecus

105 965 121 1014 2
141 955 363 1014 canoeraverint
383 971 479 1013 aures.
513 952 623 1012 Porros
641 954 781 1032 virgines,
804 951 834 1012 id
854 959 979 1012 estnon
998 951 1153 1032 plantatos,

139 1039 238 1121 inpari
260 1061 385 1103 numero
409 1050 439 1102 et
457 1041 620 1102 lumbricos
639 1049 776 1101 terrenos
795 1043 893 1119 inpari
912 1059 1036 1102 numero
1056 1043 1187 1120 capieso

136 1140 167 1192 et
194 1131 282 1192 simul
311 1150 347 1192 ex
376 1131 441 1202 oleo
465 1133 577 1209 optimo
601 1130 637 1190 ad
662 1132 766 1190 tertias
795 1129 944 1208 decoques
968 1138 999 1190 et
1021 1130 1156 1209 tepidum

104 1221 209 1282 ainde
237 1220 317 1300 qnod
345 1219 472 1280 sufficiat
498 1219 639 1280 infundes
668 1218 827 1280 auriculae.
872 1218 963 1278 Laser
987 1237 1054 1278 cum
1079 1218 1156 1279 lacte

140 1327 272 1388 capruno
295 1311 412 1369 incocto
435 1311 550 1369 recenti
573 1307 714 1368 miscebis
742 1315 773 1368 et
800 1307 869 1368 inde
893 1325 981 1368 aures
1004 1309 1089 1386 prius
1112 1308 1155 1368 di·

139 1397 204 1458 lues
232 1417 266 1458 ac
293 1406 397 1476 postea
423 1397 463 1457 fel
490 1399 642 1458 taurinum
670 1405 701 1458 et
732 1396 829 1457 oleum
863 1397 1018 1457 cedrinum
1051 1399 1155 1476 aequis

139 1486 327 1565 portionibus
345 1489 471 1547 mixtum
490 1494 595 1564 tepens
612 1486 767 1546 infundes:
785 1485 842 1546 hoo
857 1485 975 1546 dolores
989 1488 1064 1546 mire
1079 1485 1154 1546 mul·
1171 1499 1201 1538 1⁰
1300 1477 1301 1518 3

139 1584 188 1637 eet
210 1584 241 1636 et
263 1575 387 1636 dubium
410 1575 545 1636 auditum
568 1575 724 1635 confirmat
743 1581 772 1634 et
791 1593 848 1653 pus
867 1574 1024 1635 collectum
1044 1593 1155 1653 expur-

103 1673 197 1744 4gat.
238 1664 435 1726 Coriendrum
458 1665 552 1725 viride
575 1672 657 1724 teres
685 1671 715 1723 et
742 1665 774 1723 in
802 1665 862 1722 vini
886 1663 990 1743 cyatho
1013 1663 1155 1724 miscebis

140 1761 169 1814 et
192 1753 303 1814 colabis
326 1762 357 1815 et
378 1755 445 1815 lana
468 1753 548 1814 molli
566 1755 598 1814 in
617 1771 721 1813 aurem
740 1751 897 1812 instillabis
916 1760 947 1813 et
966 1753 1068 1812 eadem
1088 1752 1156 1812 lana

104 1841 278 1904 oobstrues
302 1861 412 1903 aurem.
444 1843 488 1902 Ad
512 1860 610 1921 aures,
634 1859 709 1920 quae
732 1844 862 1919 graviter
885 1841 986 1902 dolent
1005 1850 1035 1902 et
1053 1850 1156 1902 vetera

139 1930 262 1990 vulnera
289 1933 469 1991 intrinsecus
497 1930 620 2005 habent,
652 1929 748 1990 mellis
777 1931 881 2008 optimi
908 1949 998 1990 unam
1027 1940 1154 2011 partem,
1170 1944 1199 1984 1⁵

139 2021 216 2079 aceti
242 2021 381 2080 acerrimi
408 2019 482 2079 duas
509 2027 610 2098 partes
638 2019 778 2079 confusas
806 2019 956 2098 decoques
984 2019 1154 2081 fervoribus

139 2107 236 2167 tribus
264 2116 295 2168 et
320 2107 437 2186 longius
461 2126 495 2168 ea
518 2107 555 2168 ab
577 2111 646 2186 igne
670 2107 844 2190 removebis,
868 2108 963 2169 donec
987 2116 1154 2169 commotus

139 2196 238 2256 fervor
255 2199 459 2277 conquiescat3
482 2204 547 2257 tum
570 2199 682 2258 nitrum
706 2197 797 2257 addes
816 2216 851 2257 eo
871 2215 976 2278 usque,
1000 2197 1095 2258 donec
1116 2216 1153 2258 ex

138 2303 246 2363 vapore
267 2303 409 2364 agnoscas
432 2288 544 2347 nitrum
568 2286 716 2346 resedisse
743 2293 773 2346 et
796 2288 906 2347 iterum
929 2286 989 2347 leni
1012 2288 1080 2364 igne
1104 2304 1152 2348 re·

73 2411 78 2416 -
138 2392 264 2455 coques,
289 2393 326 2434 ne
349 2374 502 2456 efferveat,
529 2383 602 2436 tnnc
629 2375 720 2435 addes
743 2374 783 2434 fel
806 2375 954 2436 hircinum
979 2374 1025 2435 vel
1047 2394 1152 2454 eapru-
1169 2389 1198 2427 20

137 2481 209 2523 num
232 2462 277 2524 vel
301 2466 453 2524 verrinum
477 2472 528 2524 aut
551 2465 721 2544 porcinum,
749 2464 819 2524 dum
844 2483 903 2524 non
927 2464 963 2524 de
988 2464 1097 2544 scrofa,
1121 2471 1153 2525 et

138 2553 338 2614 commovebis
366 2562 396 2614 et
423 2555 533 2615 iterum
564 2570 733 2632 eoneoqnes
766 2572 799 2613 ac
828 2553 988 2632 tepefacies
1020 2561 1051 2614 et
1082 2553 1151 2612 inde

102 2651 281 2721 oquantum
305 2645 377 2704 satis
400 2651 447 2704 est
469 2642 592 2704 auribus
614 2641 747 2702 infunde.
784 2641 883 2721 Adeps
907 2659 1046 2702 ranarum
1069 2641 1150 2721 palu-

139 2734 245 2793 strinm
273 2731 431 2811 liquefacta
459 2733 486 2792 si
513 2738 617 2811 tepens
645 2733 788 2791 inaures
816 2731 1004 2811 infundatur,
1032 2731 1151 2791 dolores

104 2833 118 2881 v
138 2822 246 2880 nimios
269 2819 422 2899 mitigabit.
454 2819 545 2879 Dolor
563 2821 681 2880 aurium
701 2819 823 2880 sedatur
843 2822 931 2880 etiam
950 2821 1055 2880 canino
1074 2819 1150 2880 lacte
1165 2831 1195 2872 25

102 2922 118 2970 8
138 2916 169 2968 et
192 2910 304 2985 ursino,
327 2909 354 2967 si
376 2926 481 2968 recens
504 2907 675 2968 instilletur.
722 2906 846 2969 Terreni
870 2926 986 2969 vermes
1010 2927 1077 2970 cum
1101 2927 1152 2968 an·

138 2999 214 3057 seris
246 2996 331 3075 adipe
363 2995 410 3055 vel
441 3014 509 3056 oum
540 2995 606 3056 oleo
634 2996 752 3056 decocti
780 2999 844 3058 sine
871 2997 961 3058 dubio
994 2999 1152 3058 medentur

102 3099 118 3148 9
138 3085 260 3146 auribus
278 3085 454 3164 purulentis.
477 3083 569 3145 Urina
588 3087 653 3164 apri
672 3093 809 3146 servatur
827 3089 859 3147 in
873 3089 958 3168 vitro,
977 3087 1029 3146 sed
1043 3086 1151 3147 melius

137 3193 206 3235 cum
230 3175 326 3234 vesica
348 3175 452 3254 ipsius,
475 3174 623 3253 quomodo
646 3177 676 3235 ei
694 3173 809 3236 sublata
827 3175 931 3254 fuerit3
954 3175 1026 3236 haee
1045 3183 1152 3254 tepens

86 3276 119 3325 10
137 3264 235 3324 infusa
258 3263 382 3324 auribus
404 3264 491 3343 unice
514 3263 645 3341 prodest.
690 3263 836 3325 Bestiolae
859 3265 1051 3344 multipedes,
1075 3282 1150 3342 quae
1165 3275 1195 3316 ⁸0

208 3405 224 3453 2
243 3398 373 3454 infundes
391 3398 421 3452 in
439 3398 505 3453 lana
523 3399 553 3454 et
571 3399 714 3454 obcludes.
787 3403 805 3452 4
822 3398 949 3468 virginis.
1022 3403 1039 3454 o
1056 3399 1151 3469 capies

136 3486 187 3525 om.
258 3476 292 3524 16
310 3470 479 3540 deqnoqnes.
542 3476 577 3525 20
596 3469 742 3525 efferveat.
806 3471 972 3542 dopmnum]
993 3487 1150 3541 aprugnum

139 3540 298 3597 domarius.
369 3547 403 3596 21
422 3542 473 3596 aut
490 3557 540 3596 om.
613 3545 648 3594 25
667 3539 734 3596 late.
