2609 4017
574 206 792 271 ...66-

103 374 158 437 25
177 372 397 434 incumbentem
427 369 598 451 epiphoram
627 370 779 431 discuties.
826 368 857 428 Si
883 370 1013 447 impetus
1036 367 1190 430 oculorum

177 464 323 544 eruperit,
347 460 517 522 huiusmodi
541 459 707 521 remedium
730 459 887 519 confestim
911 456 1078 518 adhibebis:
1108 457 1191 518 Atra-

177 553 270 613 menti
301 551 434 611 sutoricii
466 580 503 591 -
530 548 542 608 l
571 551 600 609 in
630 567 735 628 aquam
766 546 906 608 mundam
930 546 1074 607 defundes
1101 546 1191 626 idque

177 642 286 701 acriter
315 639 430 698 fervere
461 638 565 718 facies,
599 646 661 699 tum
690 638 820 717 operies,
853 646 887 697 nt
915 637 1014 696 ferror
1040 635 1193 715 paululum

178 730 385 807 conquiescat,
413 736 501 806 atque
529 727 581 787 ubi
608 726 759 787 modicum
787 726 963 805 intepuerit,
990 727 1021 785 in
1050 725 1193 785 concham
1217 738 1230 779 ⁵

177 815 367 877 transfundes
394 815 496 894 ibique
524 817 629 876 faciem
659 816 813 894 demerges
842 823 873 875 et
900 814 1002 875 oculos
1034 815 1194 893 patefacies

176 908 253 967 intre
273 908 367 986 ipsam
387 923 506 986 aquam3
528 903 682 983 paululum
701 903 821 983 quidem
840 902 1034 983 admordebit,
1058 904 1110 963 sed
1129 922 1193 965 ccr-

124 997 293 1057 notissimo
318 996 520 1075 experimento
544 993 679 1054 dolorem
701 992 922 1054 incumbentem
947 1001 1068 1053 avertet.
1110 992 1192 1053 Colo·

177 1085 250 1145 fonii
269 1083 418 1145 modicum
436 1083 593 1163 phoenicio
612 1082 702 1162 inliga
721 1090 752 1142 et
770 1080 844 1143 collo
862 1081 1015 1160 lippientis
1035 1081 1193 1162 suspende,

123 1186 158 1236 22
178 1175 276 1234 statim
305 1173 447 1252 proderit.
493 1171 631 1232 llolorem
660 1170 813 1231 oculorum
837 1177 872 1231 ut
894 1188 970 1230 anno
993 1173 1110 1249 integro
1133 1182 1234 1231 non1⁰

176 1264 311 1342 patiaris,
340 1280 408 1321 cum
436 1262 567 1339 primum
595 1262 707 1321 cerasia
737 1266 825 1320 erunt
847 1258 953 1319 idonea
977 1262 1056 1339 esui,
1089 1260 1119 1319 id
1147 1269 1194 1320 est

177 1352 262 1430 quasi
285 1358 409 1429 matura,
433 1350 469 1409 de
493 1348 590 1411 tribus
614 1351 737 1409 cerasiis
760 1347 874 1428 lapillos
897 1348 1060 1427 pertundes
1084 1357 1114 1409 et
1138 1348 1192 1409 Ga-

176 1440 277 1500 ditano
302 1438 360 1499 lino
384 1440 498 1499 inserto
517 1457 571 1517 pro
595 1437 778 1518 phylacterio
798 1440 902 1519 uteris,
924 1445 991 1498 voto
1010 1439 1095 1517 prius
1114 1438 1192 1497 facto

177 1537 279 1590 contra
302 1527 393 1592 solem
413 1530 567 1609 orientem,
591 1527 670 1608 quod
691 1546 726 1587 eo
745 1545 822 1587 anno
841 1528 954 1587 cerasia
973 1543 1033 1586 non
1052 1528 1093 1587 sis
1112 1544 1191 1587 man-

124 1628 158 1677 28
177 1617 349 1679 ducaturus.
382 1616 520 1699 Herbam,
540 1635 614 1697 quae
629 1615 795 1696 appellatur
808 1617 1005 1695 peristereon,
1023 1614 1191 1696 discoques,
1206 1625 1233 1666 1⁵

177 1714 211 1768 ut
239 1707 401 1788 madescat,
430 1724 464 1767 ex
494 1724 569 1785 aqua
598 1706 716 1766 fontana
744 1705 779 1765 ad
809 1707 912 1765 tertias
941 1713 970 1765 et
997 1704 1066 1765 inde
1091 1704 1193 1765 oculos

123 1806 157 1855 29
178 1795 290 1857 fovebis
313 1798 427 1875 impetu
451 1794 631 1856 laborantes:
661 1796 738 1854 intra
765 1793 899 1854 triduum
926 1793 1108 1872 persanabis.
1144 1792 1192 1853 Vi-

177 1884 282 1945 tandae
306 1892 450 1965 perpetuo
474 1883 661 1963 lippitudinis
685 1885 779 1961 gratia
802 1882 935 1963 observa,
959 1891 994 1944 ut
1016 1902 1032 1943 a
1052 1881 1113 1943 llal.
1131 1881 1192 1942 Ian.

177 1991 212 2033 eo
236 1980 384 2055 tempore,
407 1991 466 2052 quo
489 1971 551 2033 llal.
576 1971 646 2032 solis
670 1972 718 2032 die
741 1973 866 2053 fuerint,
890 1974 978 2033 etiam
1001 1972 1074 2032 hora
1097 1974 1193 2051 prima

176 2060 222 2122 vel
251 2069 352 2121 octava
381 2070 411 2122 et
438 2060 579 2139 deinceps
608 2060 665 2121 alio
694 2060 741 2121 die
770 2059 841 2121 solis
869 2072 899 2122 et
926 2063 1014 2121 tertio
1044 2059 1115 2121 solis
1144 2060 1191 2120 die
1208 2070 1235 2110 ²⁰

179 2150 316 2211 similiter
340 2150 460 2230 collyrio
485 2152 569 2211 tenui
589 2152 753 2229 inungaris,
776 2158 841 2210 tum
860 2167 1022 2210 conversus
1041 2150 1077 2209 ad
1096 2151 1193 2209 orien-

177 2246 237 2300 tem
266 2237 384 2318 rogabis
412 2238 513 2320 deum,
541 2252 576 2301 ut
603 2258 637 2299 eo
666 2256 743 2299 anno
772 2238 873 2298 dolere
901 2238 1004 2298 oculos
1033 2248 1102 2299 tuos
1133 2256 1193 2298 non

124 2339 159 2387 30
178 2329 263 2389 sinat.
297 2327 370 2388 Com
384 2330 514 2407 primum
532 2328 724 2389 hirundinem
739 2327 869 2388 audieris
884 2334 934 2387 aut
949 2326 1067 2408 rideris,
1084 2328 1193 2387 tacitus

177 2415 245 2477 ilico
266 2416 300 2477 ad
322 2416 434 2477 fontem
453 2416 596 2477 decurres
615 2416 662 2477 vel
681 2415 717 2476 ad
732 2423 856 2495 puteum
870 2424 900 2475 et
916 2415 985 2475 inde
1001 2434 1075 2494 aqua
1090 2416 1192 2477 oculos

178 2504 290 2567 fovebis
314 2513 344 2566 et
367 2505 486 2586 rogabis
506 2505 603 2586 deum,
626 2515 713 2566 uteo
733 2523 810 2565 anno
828 2523 887 2565 non
907 2502 1022 2585 lippias,
1045 2504 1190 2565 dolorem·
1208 2515 1236 2555 2⁵

123 2605 158 2654 31
178 2612 236 2674 que
260 2613 378 2656 omnem
406 2595 562 2657 oculorum
589 2602 710 2655 tuorum
738 2593 913 2654 hirundines
941 2593 1085 2654 auferant.
1136 2592 1193 2653 Ex·

177 2692 296 2763 portum
319 2684 484 2746 remedium
508 2684 544 2744 ad
564 2682 782 2764 lippitudinem,
805 2700 843 2743 ne
863 2701 1002 2761 umquam
1022 2690 1193 2762 temptetur,

178 2774 202 2833 si
226 2774 294 2852 quis
317 2772 456 2833 observet
479 2775 543 2832 sine
566 2774 786 2832 intermissione
810 2779 859 2831 aut
885 2770 1040 2853 oblivione,
1064 2780 1098 2832 ut
1120 2790 1193 2851 quo·
1295 2785 1296 2788 ’

178 2861 256 2920 tiens
283 2859 400 2943 laverit,
429 2859 555 2920 deducta
578 2861 715 2938 utrisque
738 2860 876 2920 manibus
899 2859 935 2920 ad
959 2860 1051 2939 pedes
1074 2861 1192 2921 intimos

177 2964 252 3027 aqua
285 2950 385 3008 statim
416 2966 522 3008 menos
554 2946 654 3007 ambas
689 2947 725 3007 ad
758 2948 860 3009 oculos
893 2949 1003 3014 referat
1035 2957 1123 3029 atque
1156 2950 1192 3011 ad
1207 2961 1237 3001 ³⁰

178 3035 301 3115 angulos
325 3054 427 3097 eorum
451 3043 577 3115 utraque
601 3053 690 3096 manu
714 3037 870 3120 perfricet,
896 3045 926 3098 et
948 3037 1005 3098 hoc
1028 3045 1075 3099 ter
1094 3040 1192 3099 facere

124 3138 158 3187 32
178 3124 310 3186 debebis.
362 3124 513 3185 Adversus
540 3142 662 3186 umores
689 3135 719 3187 et
746 3125 861 3188 subitos
889 3129 1009 3206 inpetus
1036 3127 1192 3189 oculorum

178 3224 208 3276 et
231 3214 389 3294 epiphoras
411 3214 527 3275 radices
550 3213 635 3275 betae
660 3218 785 3277 maxime
808 3217 910 3295 nigrae
933 3234 969 3275 ex
995 3215 1193 3295 aquatepida

250 3368 436 3437 epactetum.
527 3374 543 3423 8
563 3367 728 3425 colofhonii.
815 3375 831 3423 9
849 3367 959 3423 fonioio.
1055 3376 1086 3423 11
1107 3369 1191 3424 essui.

179 3444 212 3493 12
232 3436 373 3493 Gaditano
390 3439 502 3508 scripsi:
520 3439 644 3508 gaileno.
728 3446 761 3494 13
779 3438 955 3509 philacterio.
1033 3446 1067 3494 22
1087 3440 1192 3495 dolore.

177 3515 212 3633 ἐξ
230 3508 402 3635 pppnntoelffipm.
507 3516 541 3565 24
560 3509 644 3565 illico.
749 3516 784 3565 26
803 3510 971 3565 herundines
1075 3510 1192 3566 coierat

99 3691 158 3703 *a
