2609 4017
589 158 832 223 ..25ss-

152 336 185 386 13
293 323 337 383 hd
365 325 482 383 renium
511 321 643 382 dolorem
672 322 819 382 confectio
845 322 1051 382 medicaminis
1074 324 1133 381 sic:
1166 321 1224 381 Re·
1290 297 1292 437 ἰ

204 414 286 472 sinae
309 411 473 472 colofoniae
492 444 535 453 —
549 409 571 491 l,
595 410 713 489 galbani
734 444 772 451 -
788 409 811 488 l,
834 413 1014 489 opopanacis
1036 444 1074 452 —
1091 409 1115 489 l,
1134 428 1223 470 cerae
1290 439 1292 490 p

203 499 322 580 -vl,
351 503 412 561 sevi
439 534 475 542 —
504 498 554 580 Vl,
582 501 727 578 axungiae
753 500 865 559 veteris
887 498 919 559 P.
939 498 965 579 l,
993 507 1079 559 rutae
1106 532 1145 541 -
1173 497 1223 578 lll,
1290 493 1292 560 l

203 590 294 650 bacae
308 589 384 650 lauri
401 622 438 631 —
455 587 505 667 lll,
523 587 634 648 herbae
649 587 775 647 Sabinae
792 619 830 628 —
846 586 897 668 lll,
913 587 969 647 olei
985 597 1130 666 quantum
1143 606 1222 665 opus
1290 605 1291 632 t

204 679 304 757 luerit,
327 680 451 737 seminis
470 679 584 737 urticae
600 710 643 719 —
658 676 707 736 lll.
744 675 803 736 lsta
821 678 920 735 omnia
939 676 1029 737 simul
1047 685 1247 755 coquunturs
1290 701 1291 704 ¹

205 775 235 825 et
258 765 395 828 colantur
414 774 443 826 ct
462 768 542 827 circa
561 784 649 826 renes
668 767 700 825 in
718 764 856 843 pellicula
875 764 999 825 alutacia
1019 765 1221 843 adponuntur.

153 867 187 915 14
293 854 336 915 Ad
357 856 460 915 urinae
480 854 685 915 difficultatem
705 856 822 915 murino
837 854 905 913 timo
920 856 1122 914 summitatem
1135 872 1220 913 rere·
1290 923 1291 930 ἵ

205 944 245 1002 tri
268 942 313 1003 vel
336 946 430 1004 imum
453 955 587 1003 ventrem
610 942 697 1002 inlini
715 939 849 1021 'prodest
1290 947 1291 1018 l

153 1044 186 1093 15
293 1032 337 1092 Ad
366 1031 512 1094 calculum
538 1033 780 1111 expertissimum
803 1030 968 1090 remedium
991 1033 1049 1091 sic:
1075 1029 1220 1110 Asparagi
1290 1051 1292 1122 p

204 1120 319 1181 radices
344 1131 374 1181 et
397 1121 587 1199 saxifragam,
609 1120 713 1199 lappae
737 1119 881 1199 radicem,
905 1121 965 1197 apii
987 1119 1113 1199 radices,
1137 1118 1219 1179 ehuli
1236 1137 1260 1177 1o
1290 1125 1291 1166 ἲ

204 1209 329 1289 radices,
353 1210 403 1269 alii
426 1212 522 1287 capita
541 1211 606 1290 tria,
630 1209 698 1268 lolia
720 1206 827 1286 salicis,
849 1206 1017 1285 petrosilini
1035 1207 1220 1268 Macedonici
1290 1207 1291 1242 ³

204 1297 362 1358 modicum.
404 1297 484 1358 Haec
512 1299 609 1357 omnia
637 1306 775 1358 conteres
801 1306 831 1356 et
854 1296 993 1356 miscebis
1017 1306 1048 1357 et
1070 1314 1108 1357 ex
1130 1315 1219 1375 passo
1290 1257 1292 1346 l

204 1384 332 1446 hibenda
350 1404 405 1465 per
423 1386 557 1447 triduum
576 1386 674 1466 dahis;
697 1388 723 1446 si
742 1403 862 1465 passum
877 1402 936 1445 non
950 1385 1050 1465 luerit,
1070 1404 1107 1445 ex
1123 1383 1219 1445 mulso
1290 1387 1291 1456 l

204 1473 251 1533 vel
270 1474 389 1535 condito
405 1473 495 1555 hibat,
515 1474 566 1534 sed
582 1476 607 1535 si
623 1493 682 1534 non
697 1473 886 1553 febricitabit,
905 1475 955 1533 cui
969 1473 1149 1533 medendum
1164 1484 1218 1533 est
1290 1475 1291 1534 ἶ

154 1574 186 1623 16
294 1563 337 1624 Ad
361 1563 506 1624 calculum
536 1570 566 1623 et
593 1566 698 1623 urinae
725 1561 929 1623 difficultatem
952 1564 1136 1642 pastinacae,
1160 1562 1216 1621 hoc
1234 1580 1257 1619 u
1290 1581 1291 1624 t

204 1661 250 1711 cst
268 1651 379 1712 holeris
400 1652 478 1733 quod
498 1651 695 1712 manducatur
718 1653 927 1729 summitatem,
949 1650 981 1710 id
1005 1658 1050 1710 cst
1074 1653 1217 1711 corticem
1290 1653 1291 1718 l

205 1743 278 1819 cius,
301 1750 382 1801 teres
406 1750 436 1801 et
459 1743 526 1801 vino
551 1742 648 1818 picato
672 1739 866 1818 permiscebis
885 1748 915 1799 et
932 1737 1095 1799 bibendum
1116 1742 1217 1799 ieiuno
1290 1721 1291 1816 l

153 1841 184 1889 1⁷
204 1828 296 1889 dahis.
328 1829 476 1890 Modicum
496 1830 532 1889 de
552 1832 656 1889 sucino
676 1829 772 1907 lapide
791 1837 821 1888 et
839 1845 982 1907 cyperum
1000 1837 1031 1887 et
1045 1830 1134 1906 piper
1148 1846 1216 1887 con·
1290 1825 1292 1956 p

203 1918 311 1977 tundes
335 1926 366 1978 et
389 1935 500 1996 coques
523 1924 553 1977 et
582 1918 714 1978 cocleare
739 1934 831 1977 unum
854 1916 974 1995 plenum
998 1917 1100 1975 ieiuno
1124 1915 1217 1995 dabis,
1290 1959 1291 1970 .

204 2006 255 2083 qui
279 2007 382 2065 urinae
406 2004 578 2065 difficultate
602 2006 647 2066 vel
672 2005 777 2065 calculi
800 2004 901 2065 dolore
925 2004 1125 2083 torquebitur.
1231 2022 1258 2061 so

152 2104 185 2153 18
292 2092 426 2153 Renibus
444 2093 581 2153 medetur
600 2094 679 2155 alum
694 2094 846 2173 Gallicum,
865 2095 951 2154 cuius
967 2093 1051 2153 radix
1065 2095 1136 2153 trita
1150 2092 1216 2153 dili·

203 2188 307 2259 genter
331 2190 361 2241 et
383 2183 414 2241 in
438 2184 505 2241 vino
529 2182 650 2243 decocta
674 2182 802 2262 hibitnr;
825 2182 977 2243 interdum
999 2184 1088 2241 etiam
1107 2183 1149 2241 ita
1168 2182 1218 2242 de-

202 2270 351 2351 coquitur,
370 2278 404 2331 ut
423 2272 553 2349 spissum
572 2271 725 2349 emplastri
744 2288 826 2330 more
845 2270 968 2331 renibus
987 2280 1217 2350 superponatur.

151 2372 184 2419 19
203 2357 301 2419 Renes
315 2358 425 2439 leporis
440 2360 549 2420 crudos
564 2363 588 2420 si
600 2362 667 2439 quis
676 2361 787 2438 poterit
797 2359 925 2440 gluttiat,
939 2361 986 2419 sin
997 2362 1105 2439 minus,
1116 2368 1219 2420 coctos

203 2451 393 2529 transmittat,
416 2452 457 2509 ita
480 2458 513 2510 ut
537 2447 676 2509 dentibus
700 2466 751 2508 eos
774 2466 834 2508 non
856 2450 1016 2529 contingat,
1040 2450 1100 2508 cito
1119 2466 1215 2507 remc-
1231 2464 1256 2505 ss

203 2536 346 2619 diabitur;
367 2538 451 2599 radix
470 2556 588 2617 quoque
608 2539 742 2615 asparagi
761 2554 798 2596 cx
816 2538 885 2597 vino
904 2539 973 2597 trita
992 2545 1022 2596 et
1040 2546 1109 2614 pota
1129 2536 1216 2615 prod·
1290 2603 1291 2624 ,

149 2637 183 2686 20
202 2636 249 2685 cst
271 2630 387 2687 renium
412 2626 515 2687 dolori.
550 2624 639 2686 lbisci
663 2625 768 2686 libram
788 2643 886 2705 unam,
910 2628 1052 2685 stercoris
1071 2623 1152 2684 ovilli
1172 2643 1216 2685 rc·

203 2717 298 2776 centis
321 2715 352 2777 P.
372 2716 411 2795 ll,
435 2717 579 2793 axungiae
603 2717 713 2776 veteris
736 2714 767 2776 P.
787 2713 821 2774 ll
864 2713 943 2774 llaec
966 2715 1063 2774 omnia
1087 2716 1217 2773 contrita

202 2806 315 2880 pariter
342 2803 482 2864 miscebis
510 2813 540 2865 ct
567 2806 599 2863 in
626 2802 692 2863 lana
721 2803 822 2864 sucida
850 2802 973 2864 renibus
1001 2802 1133 2881 adpones
1156 2820 1216 2862 em·

202 2889 307 2967 plastri
330 2892 425 2971 modo,
449 2896 547 2953 statim
572 2891 714 2970 proderit.
911 2945 912 2948 ,
1230 2908 1255 2947 ³⁰

149 2990 182 3039 21
290 2978 335 3037 Ad
355 2982 484 3040 vessicae
504 2981 635 3041 dolorem
656 2990 685 3041 et
703 2981 739 3042 ad
755 2998 814 3059 eoa,
835 2982 887 3059 qui
901 2982 1018 3040 urinam
1032 2981 1079 3039 vix
1095 2980 1217 3060 faciunt,

201 3066 367 3128 remedium
386 3070 442 3129 sic:
463 3068 590 3130 Seminis
609 3069 782 3148 petroselini
801 3069 921 3148 cyathos
940 3076 1011 3150 tres,
1029 3068 1216 3146 laenograeci
1290 3123 1291 3152 3

202 3155 323 3235 cyathos
342 3164 418 3238 tres,
440 3165 548 3218 tostata
567 3157 639 3218 hacc
659 3158 825 3219 contundes
843 3157 943 3218 addito
963 3174 1079 3236 myrrae
1098 3156 1216 3217 modico
1290 3175 1291 3182 ¹

169 3283 173 3292 ·
201 3252 231 3305 et
250 3248 361 3324 piperis
381 3248 481 3325 granis
496 3246 583 3326 Vllll,
597 3248 659 3306 vini
673 3247 787 3325 cyathis
802 3245 926 3306 duobus.
957 3245 1062 3306 Omnia
1075 3248 1108 3305 in
1123 3263 1216 3306 unum

291 3380 497 3438 acolofinieae.
586 3387 619 3437 10
639 3381 806 3437 saxifricam.
896 3380 1066 3434 11o15i1m
1084 3378 1146 3435 allii
1165 3386 1216 3435 2m

203 3454 235 3502 13
254 3451 378 3506 tridium.
451 3458 486 3506 20
499 3453 587 3505 urina.
659 3458 693 3506 21
713 3452 808 3522 alium,
827 3453 873 3507 scd
891 3454 925 3518 ef.
942 3452 1016 3505 Plio.
1031 3469 1059 3505 u.
1073 3453 1099 3505 b.
1114 3456 1158 3520 27,
1174 3457 1215 3505 41.

86 3538 93 3549 .
201 3523 236 3571 24
255 3522 362 3575 crudus.
436 3522 540 3577 coctus.
