2609 4017
486 193 790 259 -317-.

188 354 350 416 Cucurbita
378 353 509 416 silvatica
537 356 622 435 trita,
654 373 743 434 quam
771 355 877 417 Graeci
900 355 1148 435 colocynthidas)

96 452 214 526 vocant,
238 444 367 505 detrahit
389 462 444 523 per
462 451 596 505 ventrem
615 453 645 505 et
662 446 800 524 pituitam
819 452 851 505 et
868 444 957 506 bilem
976 445 1113 527 luridam,

97 551 323 613 nonnumquam
343 541 373 594 et
391 541 485 593 atram
504 533 644 594 deorsum
663 551 767 594 versus
781 541 874 615 vocat,
894 536 1003 595 sicum
1017 534 1113 596 mulsa

96 641 176 702 aqua
199 621 296 683 detur.
337 622 413 682 ltem
437 624 607 683 cucumeris
630 624 753 700 anguini
774 622 859 683 radix
882 625 1001 684 eteius
1024 641 1114 702 quem
1134 640 1167 689 10

64 713 217 774 sedimus
241 711 370 772 detrahit
392 710 495 793 bilem3
519 712 571 772 sed
595 713 718 790 anguini
738 711 849 773 radicis
868 719 970 773 cortex
990 713 1114 773 eandem

97 803 160 862 vim
184 818 273 879 quarn
295 806 445 861 veratrum
468 799 570 880 habet,
597 802 657 860 nisi
680 802 750 879 quia
771 800 859 880 paulo
882 803 1036 862 remissior
1059 808 1115 882 est,

97 898 129 951 et
153 889 365 967 multomagis
389 888 503 950 viribus
526 896 608 950 carot
632 907 721 968 quam
741 891 920 971 cucumeris,
946 908 1036 968 quem
1053 890 1115 951 edi·

96 997 176 1040 mus.
221 979 352 1057 inguini
381 995 452 1056 ergo
484 980 652 1040 cucumeris
680 977 746 1038 dari
772 986 892 1058 oportet
919 978 946 1039 x
969 978 1005 1039 Vl
1029 978 1050 1039 S
1078 997 1114 1039 ex

97 1086 178 1146 aqua
201 1066 309 1147 mulsa,
332 1065 462 1127 detrahit
485 1069 563 1128 enim
587 1068 730 1146 pituitosa
754 1075 785 1127 et
807 1066 922 1148 biliosa,
945 1069 1115 1128 cucumeris

51 1174 193 1236 aequem
211 1156 326 1217 edimus
345 1156 455 1217 radicis
474 1155 538 1216 dari
556 1162 675 1235 oportet
689 1155 715 1215 X
729 1155 784 1216 llll
802 1154 939 1217 similiter
957 1156 1003 1217 vel
1022 1158 1115 1236 sparti

98 1246 224 1306 seminis
242 1245 431 1326 tantundem3
450 1246 587 1306 similiter
606 1252 636 1305 et
650 1245 736 1306 iridis
749 1246 867 1306 radices
881 1245 966 1306 datae
979 1250 1115 1324 prosunt.
1169 1239 1171 1244 ’

191 1333 265 1394 ltem
277 1334 416 1414 thapsiae
435 1333 551 1395 radices
569 1335 707 1414 pituitam
727 1341 757 1395 et
775 1333 865 1396 bilem
883 1334 1046 1395 detrahunt
1059 1352 1114 1394 nec
1136 1351 1168 1398 11

97 1425 202 1484 minus
230 1422 414 1504 epithymon,
440 1431 594 1503 praestant
620 1422 678 1483 hoc
701 1422 821 1504 melius,
849 1424 928 1502 quod
953 1425 1062 1484 atriora
1086 1430 1117 1483 et

98 1513 217 1573 acriora
240 1511 404 1593 deducunt3
429 1518 459 1572 et
481 1511 574 1573 herba
597 1511 760 1573 urceolaris
784 1530 859 1593 quae
883 1511 1048 1592 appellatur
1066 1511 1116 1572 de-

56 1619 84 1658 15
100 1600 195 1663 trahit
218 1599 323 1661 biliosa
346 1605 377 1662 et
399 1603 565 1683 aquatiora3
590 1619 659 1661 narn
682 1602 789 1683 cunila,
813 1619 900 1680 quam
925 1601 1032 1661 Graeci
1053 1601 1116 1660 oni·

99 1693 157 1752 tim
180 1697 299 1769 vocant,
327 1689 457 1751 detrahit
479 1691 631 1769 aquatiora
656 1706 710 1767 per
732 1691 889 1771 vomitum3
917 1707 1023 1769 aquam
1045 1707 1116 1749 vero

100 1780 195 1840 solam
224 1778 346 1839 deducit
372 1781 448 1840 mori
474 1778 595 1845 lacrima
618 1778 664 1838 vel
687 1778 771 1840 radix
794 1780 911 1840 incocta
933 1779 1019 1857 potui
1042 1777 1117 1837 data.

100 1868 160 1928 Iris
183 1866 325 1948 calefacit,
348 1867 443 1947 solvit,
466 1876 583 1948 purgat,
606 1871 775 1949 concoquit,
797 1868 908 1929 ulceris
931 1884 1050 1946 quoque
1073 1867 1170 1927 in-12

100 1958 183 2018 terni
210 1957 336 2017 duritias
362 1956 458 2017 mollit
486 1965 516 2017 et
538 1958 651 2017 ventris
675 1960 832 2019 stricturas
856 1963 962 2017 movet.
1003 1954 1116 2017 irinum
1137 1968 1170 2017 13

57 2062 85 2102 so
101 2046 203 2107 oleum
221 2063 275 2124 per
294 2045 452 2124 clysterem
470 2048 627 2106 inmissum
645 2048 788 2125 pituitosa
807 2054 837 2107 et
855 2053 961 2125 aquata
980 2052 1010 2106 et
1026 2063 1117 2124 puru-

100 2135 183 2196 lenta
206 2141 237 2194 et
257 2141 321 2194 atra
344 2133 478 2216 deducit3
501 2133 602 2212 polion
622 2153 692 2195 vero
711 2135 817 2197 biliosa
835 2142 866 2196 et
884 2142 948 2196 atra
967 2134 1032 2195 oleo
1051 2134 1118 2194 cha·

101 2221 279 2284 maemelino
297 2225 390 2284 mixto
409 2241 464 2303 per
483 2223 570 2284 sellas
584 2223 718 2307 deducit;
738 2227 904 2287 scamoniae
918 2242 1010 2286 sucus
1025 2223 1118 2284 solam

101 2311 235 2373 detrabit
252 2309 351 2390 bilem,
369 2311 457 2372 dator
476 2330 513 2372 ex
529 2331 605 2392 aqua
619 2313 655 2374 ad
672 2313 787 2375 donarii
801 2316 955 2374 semissem
969 2320 1000 2373 et
1013 2313 1118 2372 tertias

102 2402 169 2462 eius
184 2418 253 2469 cum
267 2399 336 2462 salis
346 2399 372 2460 it
382 2403 523 2482 quinque,
538 2401 590 2462 sed
606 2403 759 2465 stomacho
773 2402 891 2462 infirmo
901 2420 962 2462 non
972 2401 1118 2461 convenit

60 2504 87 2546 25
149 2513 151 2516 >
193 2488 345 2549 Elaterion
371 2497 479 2568 purgat
507 2508 627 2550 sursum
655 2509 710 2571 per
733 2492 889 2571 vomitum,
917 2506 1022 2568 aquam
1046 2505 1117 2548 vcro
1138 2499 1172 2548 14

103 2578 245 2639 deorsum
269 2585 299 2638 et
321 2579 458 2657 pituitam
481 2586 511 2638 et
533 2577 623 2639 bilem
642 2581 739 2639 omnis
757 2581 875 2658 generis
894 2576 1029 2656 deducit3
1050 2575 1118 2655 plus

103 2675 204 2728 autem
236 2669 301 2727 eius
331 2684 420 2745 quam
449 2669 598 2728 victoriati
626 2669 743 2728 tertiam
771 2674 886 2747 partem
914 2684 974 2726 non
1001 2672 1120 2744 oportet

104 2756 183 2836 dari3
204 2755 382 2836 cyclaminos
401 2774 471 2816 vero
488 2755 617 2817 detrahit
631 2774 686 2835 per
701 2755 788 2817 sellas
802 2756 939 2834 pituitam
954 2762 985 2815 et
998 2771 1117 2832 aquam3

103 2843 289 2923 hippophaes
309 2844 437 2906 detrahit
455 2847 594 2923 pituitam
613 2852 643 2905 et
657 2843 789 2924 liquores
803 2851 934 2924 aquatos,
953 2842 1040 2904 datur
1055 2844 1119 2902 eius

62 2949 90 2988 so
105 2935 195 2994 uncia
218 2951 287 2994 cum
311 2951 385 3012 aqua
409 2933 517 3014 mulsa3
541 2933 675 2994 eiusdem
697 2951 815 3011 quoque
834 2931 954 2993 lacrima
972 2932 1121 2993 victoriati

105 3021 247 3100 ponderis
270 3022 337 3082 data
358 3041 394 3082 ex
414 3040 490 3102 aqua
508 3022 603 3084 mulsa
622 3020 711 3083 bilem
729 3029 846 3103 purgat,
868 3039 937 3082 nam
955 3021 1039 3082 radix
1057 3028 1120 3082 tan·

105 3119 170 3172 tum
193 3129 298 3190 aquam
322 3110 451 3172 deducit.

196 3199 355 3260 Centaurei
374 3202 472 3261 tenuis
491 3218 592 3280 sucus,
613 3207 757 3280 quantum
776 3218 837 3261 nux
856 3198 986 3260 avellana
1004 3198 1120 3275 recipit,
1141 3206 1173 3256 15

106 3296 196 3368 potus
222 3307 258 3349 ex
281 3306 356 3368 aqua
380 3288 475 3350 mulsa
498 3297 632 3350 ventrem
657 3289 752 3350 solvit
793 3287 869 3349 ltem
891 3286 1002 3348 herbae
1025 3287 1120 3364 ipsius

196 3425 344 3481 overatri
410 3427 474 3480 'tet
492 3441 543 3481 om.
608 3429 640 3478 12
660 3423 801 3494 thapsiae]
820 3420 916 3477 thiasi.
981 3426 1014 3475 13
1033 3419 1121 3490 ephy-

106 3494 205 3551 timon.
280 3502 312 3552 15
333 3496 451 3552 cunicla,
525 3511 670 3552 cnecon·
713 3500 748 3550 20
767 3494 895 3564 clystere.
968 3497 1003 3547 29
1021 3492 1122 3562 hippo-

107 3566 208 3640 phees]
226 3567 419 3638 hippomenes.
492 3573 526 3622 33
547 3570 713 3623 centaureae
731 3570 790 3623 dm.

1174 3792 1269 3922 ,.
