2609 4017
498 214 741 279 -211-

198 375 356 437 Stomacho
376 377 539 437 remedium
555 379 700 456 optimum
717 378 753 438 de
768 380 972 457 experimento
987 380 1045 440 tale
1060 389 1176 448 osone

104 464 278 525 Petrosilini
301 467 404 526 uncias
428 474 499 546 tres,
523 465 591 526 salis
615 468 718 527 uncias
738 466 819 548 duas,
843 468 929 528 nardi
951 472 1049 548 spicae
1069 489 1122 530 nn·

106 556 193 634 ciam,
217 556 325 615 amomi
349 556 452 615 uncias
476 555 558 637 duas,
580 555 686 635 hysopi
713 588 749 598 -
771 555 811 637 ll,
833 559 1000 617 vettonicae
1025 590 1066 601 -
1086 557 1121 621 ll.

105 642 186 703 llaec
215 645 313 703 omnia
340 645 372 703 in
400 662 556 704 cucumam
579 643 700 704 fictilem
719 662 823 705 novam
846 648 959 727 mittes,
983 664 1059 725 quae
1083 649 1123 708 sit

79 733 307 792 esextariorum
331 750 450 810 novem,
478 750 602 810 eamque
630 750 706 812 aqua
730 733 882 812 supplebis
905 742 936 794 et
957 734 1122 815 obturabis,

105 829 141 881 ut
163 819 314 882 modicum
338 822 511 899 spiramenti
534 821 700 901 relinquas,
728 830 758 883 et
786 823 935 902 decoques
958 824 994 883 ad
1016 826 1120 885 tertias

105 927 140 969 ac
171 909 270 970 denuo
298 927 373 988 aqna
397 909 549 990 supplebis
573 920 602 970 et
625 928 746 971 rursum
770 910 807 970 ad
830 914 935 972 tertias
957 912 1120 995 decoques3

104 1006 178 1058 tnnc
202 998 313 1058 adicies
337 997 431 1058 mellis
455 1000 560 1077 optimi
583 999 753 1078 despumati
774 1002 958 1078 quartarium
982 1010 1012 1061 et
1030 1004 1120 1062 tertia

102 1087 169 1147 vice
195 1086 232 1146 ad
254 1086 366 1147 medias
390 1087 539 1166 decoques
567 1106 601 1148 ac
628 1096 731 1167 postea
755 1090 786 1147 in
808 1089 928 1149 vasculo
951 1091 1047 1150 vitreo
1069 1099 1121 1151 aut

63 1194 88 1233 ro
103 1174 191 1253 tietili
213 1174 358 1236 recondes
382 1175 438 1236 suh
462 1176 613 1255 signaculo
641 1184 731 1255 atque
759 1195 795 1236 ex
823 1196 858 1238 eo
881 1177 1037 1238 adversum
1061 1187 1120 1239 sto-

101 1263 204 1324 machi
230 1264 362 1325 laborem
390 1272 474 1325 terna
502 1264 647 1326 coclearia
674 1284 710 1325 ex
738 1283 814 1345 aqua
837 1265 943 1348 calida,
972 1269 997 1327 si
1021 1266 1119 1328 lehres

100 1360 203 1433 erunt,
226 1363 278 1413 ant
300 1371 337 1413 ex
360 1353 480 1414 condito
504 1355 631 1433 ieiunus,
655 1356 762 1415 sinon
788 1363 884 1435 erunt,
908 1373 1017 1416 sumes.

193 1440 236 1501 Ne
260 1442 431 1504 stomachus
453 1443 662 1525 perfrigescat,
690 1444 791 1504 unctio
820 1444 1014 1504 saluberrima
1040 1444 1172 1509 haecttt

100 1539 161 1591 cst:
185 1528 338 1591 Foliorum
360 1530 437 1592 lauri
460 1540 490 1592 et
512 1530 663 1611 bacarum,
686 1532 885 1612 laenograeci,
909 1535 1047 1611 samsuci,
1068 1552 1118 1593 cu·

60 1621 214 1699 repressi,
242 1621 320 1679 roris
342 1621 451 1680 marini
474 1624 577 1681 uncias
601 1619 733 1699 singulas
756 1620 922 1680 contundes
946 1629 976 1680 et
999 1622 1030 1679 in
1057 1622 1119 1681 vini

101 1710 215 1769 veteris
236 1710 373 1769 sextariis
391 1708 415 1768 V
438 1727 492 1788 per
515 1708 647 1769 triduum
673 1706 846 1788 macerabis,
869 1716 975 1787 quarto
993 1707 1041 1767 die
1060 1707 1119 1768 olei

102 1795 178 1857 boni
202 1799 346 1858 sextarios
369 1806 432 1858 tres
455 1798 565 1858 adicies
590 1806 619 1858 et
642 1799 674 1857 in
698 1796 754 1856 olla
777 1796 846 1856 rudi
868 1796 904 1856 ad
927 1814 1040 1874 prunas
1058 1814 1118 1856 non

102 1903 191 1946 acres
214 1888 255 1945 ita
274 1886 433 1966 decoques,
457 1887 550 1948 donec
570 1888 671 1946 vinum
691 1892 892 1965 consumatur,
916 1893 988 1945 tuno
1007 1883 1118 1946 colabis

102 1982 135 2035 et
159 1982 347 2035 excrementa
370 1975 417 2035 vel
438 1975 542 2036 sordes
560 1974 672 2035 abicies
691 1982 722 2035 et
740 1991 847 2035 rursus
865 1974 952 2034 ollam
971 1991 1039 2035 cum
1057 1992 1117 2034 me-

60 2079 88 2119 ro
104 2062 252 2123 dicamine
271 2064 307 2123 ad
327 2072 433 2125 tenues
452 2082 564 2143 prunas
583 2082 711 2143 repones
729 2066 817 2143 eique
836 2063 927 2124 addes
946 2082 1031 2124 cerae
1050 2065 1117 2123 niti-

104 2152 160 2211 dae
184 2151 299 2234 libram,
322 2154 439 2214 resinae
458 2151 676 2213 terebinthinae
694 2162 837 2232 purgatae
856 2152 1004 2213 selibram.
1037 2151 1117 2213 llaec

103 2242 203 2301 omnia
230 2243 375 2320 permixta
403 2248 433 2302 et
461 2243 605 2319 coagitata
632 2242 668 2302 ad
698 2244 818 2304 modum
848 2243 942 2302 ceroti
972 2240 1117 2302 recondes

104 2337 134 2389 et
163 2347 232 2390 cum
260 2348 336 2408 opus
363 2324 467 2411 luerit,
496 2348 556 2390 non
584 2330 679 2391 solnm
707 2330 743 2391 ad
767 2330 924 2409 stomachi,
952 2330 1116 2393 sedetiam

103 2417 140 2478 ad
160 2435 320 2478 nervorum
339 2426 368 2480 et
387 2418 590 2480 musculorum
610 2419 851 2499 perfricationem
871 2419 966 2479 uteris
985 2416 1116 2478 saluber·

57 2522 84 2563 rs
99 2508 177 2566 rimo
199 2513 360 2586 unguento.

190 2595 364 2656 Antidotum
386 2595 540 2677 Hadriani,
569 2614 628 2674 quo
651 2594 792 2656 utebatur
818 2592 926 2653 Caesar
949 2593 1167 2672 Augustus,115

100 2702 176 2762 qnae
199 2686 282 2763 potio
305 2684 356 2745 dat
378 2686 459 2744 omni
482 2686 602 2764 corpori
629 2681 847 2761 fortitudinem3
876 2681 1011 2760 quisquis
1035 2681 1114 2741 enim

99 2791 135 2832 ea
158 2791 233 2834 usus
256 2773 355 2853 luerit,
378 2791 433 2834 nec
457 2772 602 2834 stomachi
625 2790 681 2833 nec
704 2772 845 2832 iocineris
868 2787 924 2829 nec
945 2771 1039 2848 epatis
1058 2787 1114 2830 nec

100 2860 214 2940 splenis
238 2880 294 2922 nec
317 2862 416 2922 cordis
439 2880 495 2922 nee
518 2861 620 2921 lateris
643 2867 695 2921 aut
717 2859 866 2939 pulmonis
895 2867 945 2918 aut
972 2876 1112 2919 coxarum

57 2967 86 3007 so
100 2949 219 3011 dolores
237 2952 376 3031 patietur,
396 2951 447 3011 sed
466 2968 522 3010 nec
541 2956 654 3011 tussem
669 2966 725 3009 nec
739 2949 948 3029 perfrictiones
963 2967 1018 3010 nec
1033 2966 1113 3027 spas-

99 3057 165 3098 mos
188 3057 244 3099 nec
268 3038 326 3099 coli
349 3039 466 3100 dolores
490 3040 599 3099 sentiet
624 3057 681 3099 nec
703 3038 903 3118 dysintericus
926 3056 981 3098 nec
1006 3037 1113 3117 hydro·

99 3128 187 3206 picus
211 3146 267 3188 nec
286 3130 469 3207 suspiriosus
488 3134 539 3189 aut
557 3126 725 3188 cholericus
744 3128 810 3188 erit.
846 3126 930 3187 Facit
948 3128 1037 3186 etiam
1056 3126 1112 3185 hoe

98 3216 266 3278 remedium
295 3225 399 3278 contra
428 3234 530 3277 omnes
554 3234 675 3277 umores
698 3217 803 3276 noxios
826 3223 857 3276 et
880 3216 977 3276 omnia
999 3231 1112 3273 venena

189 3374 203 3422 1
224 3369 357 3424 remedio.
414 3373 447 3422 14
462 3374 526 3439 poet
544 3367 667 3439 cupressi
688 3369 753 3423 odd.
772 3366 868 3432 mirin3
887 3367 952 3433 fort.
971 3365 1112 3432 ledendum

96 3440 192 3508 myrti.
279 3445 313 3494 at
336 3438 531 3495 terebintinaa.
616 3445 651 3495 26
672 3437 840 3493 Hadrianou.
927 3435 1110 3515 aequisque.

96 3510 257 3580 aceperis.
334 3516 369 3565 30
408 3509 607 3565 eririeationes.
679 3526 800 3579 patmos.
873 3513 905 3561 31
926 3504 1110 3561 dismtericos.

95 3582 248 3653 idropicus.
321 3586 355 3635 32
374 3528 535 3636 oboletioos.
607 3586 641 3635 33
661 3580 790 3635 humores
808 3578 917 3633 noxius.

897 3667 950 3720 14*
