2609 4017
508 188 723 253 ..81-

95 357 260 430 mentum,
298 352 397 412 mittes
430 359 529 411 tamen
559 352 589 411 in
620 352 745 411 eandem
772 350 860 411 ollam
887 370 956 413 eum
983 362 1067 413 aceto
1096 363 1125 414 et

96 437 190 497 ferro
219 456 304 499 rosae
334 441 429 501 siccae
459 442 577 501 unciam
605 442 695 502 semis
724 458 757 500 ac
784 450 886 519 postea
914 440 1002 500 ollam
1031 443 1125 520 ipsam

97 528 266 605 cooperies
296 528 365 589 fimo
394 528 538 590 caballino
569 531 699 609 recenti,
732 531 773 590 ita
805 538 839 590 ut
870 531 1034 609 spiramen·
1052 530 1125 591 illud

99 614 185 675 ollae
207 634 263 696 per
286 616 430 678 calamum
453 617 583 679 liberum
606 621 658 699 sit,
685 618 743 680 hoc
771 626 817 679 est
844 626 878 680 ut
903 637 994 699 supra
1018 619 1124 680 molem

67 703 190 768 sillam
213 705 276 765 fimi
298 706 449 787 caballini,
477 725 536 786 quo
566 708 658 768 luerit
681 707 737 768 olla
760 709 922 768 constricta
945 708 991 769 rel
1012 717 1125 788 operta,

100 792 207 853 solum
226 796 375 873 spiramen
394 798 533 877 emineat,
552 804 585 856 ut
604 814 723 876 semper
741 795 847 857 babeat
861 796 1025 858 anhelitum
1039 800 1123 877 quin·

101 882 207 942 decim
237 883 356 965 diebus,
384 884 494 964 quibus
522 902 645 946 necesse
674 893 733 965 est,
761 892 795 946 ut
822 887 853 945 in
881 886 950 946 fimo
978 884 1028 946 illo
1057 905 1124 965 per-

102 980 240 1052 severet3
263 991 332 1033 narn
350 975 470 1035 omnino
490 973 671 1053 observabis,
694 992 732 1034 ne
751 992 892 1053 umquam
915 973 973 1035 illis
993 974 1045 1034 XV
1063 976 1123 1036 die·

100 1058 166 1119 bus
185 1059 384 1139 deoperiatur.
415 1062 503 1123 Sexta
523 1062 637 1124 decima
657 1063 704 1123 die
723 1062 810 1123 tolles
829 1062 916 1123 ollam
934 1063 971 1123 de
990 1073 1123 1124 stercore

60 1147 159 1210 millo
179 1157 209 1209 et
228 1150 385 1230 diligenter
407 1151 574 1227 mundabis,
595 1170 632 1212 ne
652 1152 724 1232 quid
744 1150 804 1213 illic
823 1152 977 1214 sordidum
994 1152 1125 1234 baereat,

104 1244 137 1297 et
167 1256 237 1299 oum
263 1241 440 1319 patefeceris
468 1240 568 1323 ollam,
595 1243 696 1302 mittes
724 1242 755 1301 in
783 1259 847 1302 eam
876 1241 998 1302 leniculi
1020 1242 1124 1303 viridis

105 1344 227 1409 sucum,
251 1338 358 1408 quanta
383 1338 428 1391 est
446 1348 586 1391 mensura
605 1329 700 1390 bonae
718 1331 848 1409 potionis
866 1332 898 1390 in
915 1331 997 1411 vino;
1016 1330 1123 1391 deinde

106 1415 236 1493 agitabis
259 1417 311 1478 diu
335 1427 365 1480 et
386 1418 498 1480 celabis
521 1418 612 1480 linteo
636 1421 721 1480 tenui
744 1428 774 1479 et
792 1421 893 1480 mittes
912 1421 943 1479 in
961 1419 1122 1481 bucculare

106 1503 185 1565 rude
210 1505 257 1565 vel
279 1506 436 1586 diligenter
459 1508 627 1588 nitidatum,
650 1507 758 1569 deinde
780 1507 861 1568 lento
884 1510 953 1588 igne
972 1509 1122 1588 decoques

64 1615 91 1655 15
106 1602 139 1654 et
167 1612 287 1673 semper
314 1596 451 1678 agitabis,
484 1615 553 1658 curn
584 1597 801 1676 aliquantulum
823 1598 951 1676 coxerit,
979 1597 1069 1657 addes
1092 1598 1123 1656 in

107 1686 274 1745 sextarium
297 1685 501 1758 medicaminis
524 1688 581 1747 tria
605 1685 750 1747 coclearia
773 1684 868 1745 mellis
892 1686 998 1764 optimi
1016 1686 1123 1763 despu-

105 1774 181 1833 mati
209 1780 240 1832 et
266 1774 378 1835 iterum
400 1774 558 1855 diligenter
581 1776 761 1854 coagitatum
786 1791 913 1852 repones
941 1776 973 1834 in
996 1772 1123 1852 ampulla

105 1862 202 1921 vitrea
225 1868 277 1923 aut
299 1864 405 1944 pyxide
429 1882 539 1943 cuprea
563 1883 597 1925 ac
616 1863 673 1924 sub
692 1862 843 1942 signaculo
862 1862 985 1923 babebis
1006 1871 1123 1923 etcum

107 1967 185 2028 opus
214 1950 318 2033 luerit,
345 1952 382 2013 ad
411 1953 565 2031 caliginem
593 1962 624 2014 et
650 1951 820 2031 albuginem
843 1952 1055 2031 detergendam
1079 1954 1122 2011 in-

68 2060 94 2100 eo
107 2040 205 2099 terius
228 2040 331 2102 oculos
354 2044 489 2121 inunges.
521 2042 565 2103 Ad
584 2049 773 2121 praesentem
792 2050 892 2102 autem
914 2043 1059 2121 impetum
1078 2041 1123 2101 vel

108 2127 256 2209 dolorem,
284 2133 418 2209 quamvis
446 2130 605 2191 vehemens
633 2132 685 2213 sit,
715 2130 846 2211 desuper
877 2130 980 2191 oculos
1006 2129 1122 2191 inlines.

108 2215 194 2287 Quod
219 2219 245 2277 si
267 2220 387 2297 grandis
411 2220 510 2280 servor
532 2220 689 2281 oculorum
717 2228 747 2280 et
770 2238 854 2280 acres
881 2218 927 2280 vel
949 2219 1122 2299 frequentes

108 2306 247 2367 lacrimae
271 2317 368 2391 erunt,
392 2311 480 2370 etiam
503 2316 637 2389 tempora
661 2315 691 2369 et
714 2308 842 2369 frontem
863 2307 1058 2369 medicamine
1078 2310 1121 2368 in-

108 2393 198 2477 lines,
221 2397 262 2456 ita
285 2405 319 2459 ut
342 2400 373 2458 in
396 2398 444 2458 die
468 2397 514 2458 vel
537 2404 642 2478 quater
666 2396 845 2479 superlines,
869 2404 899 2458 et
922 2415 990 2458 cum
1014 2399 1121 2458 siccata

71 2503 96 2544 ee
110 2483 202 2545 luerit
224 2486 380 2565 superlitio
404 2488 480 2568 ipsa,
509 2505 568 2547 non
597 2487 679 2547 elues
708 2504 786 2566 eam,
814 2486 866 2547 sed
890 2503 1009 2564 semper
1032 2484 1122 2545 addes

106 2591 216 2633 novam
249 2575 460 2637 inductionem.
513 2575 598 2647 Quod
631 2577 658 2635 si
689 2573 788 2635 scabri
817 2572 897 2634 oculi
928 2574 1041 2633 luerint
1072 2585 1122 2634 aut

108 2679 234 2742 vermes,
258 2666 309 2743 qui
332 2663 487 2743 palpebras
511 2672 642 2744 orarent,
666 2673 697 2725 et
713 2662 783 2723 inde
802 2664 841 2722 sit
860 2670 959 2722 tumor
978 2662 1121 2741 invectus,

108 2748 176 2811 cilia
195 2755 350 2831 superiora
369 2762 400 2814 et
417 2753 566 2835 inferiora,
585 2753 616 2813 id
633 2759 680 2813 est
693 2750 849 2831 palpebras
863 2753 952 2829 ipsas,
966 2749 1019 2811 ubi
1033 2768 1121 2811 causa

109 2838 284 2902 valetudinis
312 2849 371 2922 est,
399 2844 538 2921 inunges:
566 2842 730 2921 experieris
756 2840 792 2900 ad
815 2841 913 2900 omnia
936 2839 999 2900 lere
1023 2839 1121 2901 oculo·

72 2948 97 2988 eo
110 2947 175 2989 rum
199 2932 269 2991 vitia
291 2932 451 2993 mirificum
474 2931 732 3011 medicamentum,
756 2930 782 2990 si
805 2937 904 2991 castus
923 2937 953 2991 et
971 2948 1066 3009 purus
1085 2949 1120 2991 eo

110 3019 216 3099 utaris3
249 3020 285 3080 de
314 3039 372 3099 quo
400 3027 512 3100 tamen,
541 3019 611 3081 dum
639 3021 671 3080 in
698 3020 767 3080 fimo
797 3026 856 3102 est,
883 3021 932 3079 vix
955 3021 1043 3080 tertia
1071 3027 1122 3081 aut

111 3114 190 3167 certe
218 3108 315 3169 media
341 3127 411 3188 pars
438 3127 593 3170 remanere
621 3108 723 3189 debet,
750 3110 791 3169 ita
820 3110 899 3169 enim
927 3108 1034 3169 melius
1061 3110 1121 3169 liet.

111 3194 183 3255 Nam
215 3206 325 3276 quanto
358 3199 426 3278 plus
458 3199 645 3259 consumitur
677 3215 785 3276 vapore
818 3197 881 3257 fimi
912 3196 1006 3277 illius,
1039 3205 1121 3257 tanto

111 3286 202 3363 magis
226 3288 410 3348 confortatur
439 3296 469 3348 et
494 3287 562 3349 ideo
585 3288 680 3347 maior
704 3285 760 3347 olla
784 3304 849 3346 esse
873 3285 970 3360 debet,
995 3292 1027 3345 ut
1054 3304 1124 3364 pro-

76 3375 232 3453 sapensius
260 3376 444 3437 medicamen
472 3377 535 3457 fiat,
568 3376 647 3455 quod
676 3384 707 3436 et
734 3374 785 3435 diu
813 3376 926 3435 serrari
950 3380 1069 3451 oportet
1091 3382 1121 3435 et

113 3462 210 3524 multis
233 3467 436 3527 necessarium
459 3475 514 3528 est.

197 3553 242 3613 Ad
275 3554 378 3615 oculos
411 3554 532 3615 scabros
571 3561 601 3614 et
631 3552 789 3633 palpebras
821 3550 985 3630 perforatas
1013 3564 1174 3613 umore128

162 3664 323 3716 Ennomus,
336 3674 375 3706 ln.
390 3666 547 3705 Eremmon.
945 3658 961 3705 6
