2609 4017
569 206 810 271 -166-

178 371 309 432 eduntur
331 371 422 450 idque
445 373 546 430 vinum
569 371 659 430 etiam
677 387 793 430 merum
812 376 945 448 potatum
965 370 1198 447 sanguinulenta
1294 391 1295 394 ¹

124 473 158 522 81
178 458 387 522 excreantibus
410 458 541 539 prodest.
580 457 741 537 Goagulum
766 460 920 518 cervinum
943 460 1004 519 sive
1024 457 1198 536 leporinum

177 551 239 611 sive
263 548 424 609 haedinum
446 549 477 608 in
500 551 622 626 potione
646 547 777 608 solutum
800 545 913 607 bibitur
937 545 1052 608 utiliter
1075 547 1112 608 ab
1133 567 1198 608 em-

176 639 273 719 pyicis
295 637 349 698 vel
365 638 566 716 aemoptpicis,
588 638 701 697 cervini
725 654 844 715 quoque
870 653 980 696 cornus
998 639 1097 696 exusti
1115 639 1198 697 cinis
1295 627 1296 694 1

123 729 209 790 8811
235 728 356 807 potione
385 726 472 786 datus
496 725 634 787 similiter
657 725 801 786 medetur.
842 724 977 785 Bubulus
1001 727 1123 804 sanguis
1149 725 1227 786 1818

176 815 321 876 haedinus
345 817 466 893 sanguis
490 831 596 875 recens
615 833 684 875 cum
703 816 767 893 pari
785 831 924 874 mensura
944 815 1020 874 aceti
1040 813 1197 875 discoctus

177 905 350 982 sanguinem
378 902 586 965 excreantibus
614 902 751 982 prodest,
779 905 805 963 si
831 919 886 981 per
909 901 1043 963 cocleare
1067 903 1197 964 adsidue
1296 921 1297 924 ’

123 1005 157 1056 88
176 993 360 1073 degustetur.
407 992 573 1073 Glutinum,
597 1009 656 1071 quo
681 991 783 1052 charta
806 991 983 1071 glutinatur,
1007 991 1137 1052 calidum
1163 994 1196 1054 in

175 1081 296 1143 modum
320 1081 494 1143 sorbitionis
516 1081 655 1141 hauritur
680 1080 724 1142 vel
748 1099 784 1140 ex
806 1099 881 1160 aqua
902 1079 995 1141 calida
1015 1083 1196 1159 sanguinent

123 1183 158 1232 84
177 1171 386 1233 excreantibus
409 1170 505 1232 datur.
544 1168 649 1230 Nuclei
673 1168 893 1249 amygdalarum
915 1171 980 1230 triti
1003 1187 1072 1230 cum
1092 1169 1196 1230 amulo
1213 1189 1241 1229 ro
1297 1239 1298 1246 ἵ

176 1268 207 1321 81
230 1268 329 1320 menta
352 1262 421 1321 trita
445 1261 476 1320 iu
500 1257 633 1338 qualibet
656 1260 775 1336 potione
800 1257 914 1319 utiliter
937 1256 974 1318 ab
998 1261 1197 1338 aemoptyicis
1297 1251 1298 1272 ³

122 1360 156 1410 88
175 1347 222 1408 vel
245 1350 387 1428 empyicis
409 1348 599 1408 hauriuntur.
635 1347 744 1408 Semen
767 1347 866 1408 salicis
889 1349 994 1408 tritum
1018 1354 1047 1407 et
1066 1365 1104 1407 81
1123 1351 1196 1408 1111

175 1445 294 1498 austere
318 1445 470 1517 sumptum
493 1439 668 1516 sanguinem
686 1438 848 1498 tussientes
868 1437 946 1496 sistit
958 1444 994 1506 et
1011 1437 1118 1496 vitium
1142 1455 1197 1516 po·

122 1533 274 1587 solenter
297 1527 443 1588 emendat.
484 1525 618 1587 liederae
641 1524 745 1605 bacae,
769 1543 844 1604 quae
869 1532 939 1586 sunt
961 1524 1068 1606 luteae,
1091 1527 1196 1604 inpari

175 1633 300 1676 numero
328 1617 416 1676 tritae
440 1623 470 1677 et
493 1634 530 1676 ex
559 1633 633 1695 aqua
662 1614 761 1693 tepida
788 1621 875 1693 potae
902 1613 1048 1694 pthisicos
1076 1623 1196 1676 sanant.
1213 1633 1242 1674 15

121 1714 155 1763 81
175 1703 291 1765 Herbae
320 1706 484 1766 vettonicae
512 1704 582 1765 lolia
609 1705 641 1764 in
669 1703 775 1763 umbra
803 1703 930 1763 arelacta
959 1712 989 1764 et
1015 1710 1104 1764 tunsa
1135 1706 1196 1764 cri·

174 1791 317 1873 brataquc
341 1796 478 1873 reponito
501 1801 591 1872 atque
614 1793 684 1853 inde
704 1792 851 1855 laboranti
870 1786 954 1853 vulso
973 1793 1122 1853 victoriati
1147 1811 1195 1852 ar·
1299 1861 1300 1864 Ἴ

174 1885 273 1961 gentci
296 1881 413 1960 pondus
437 1901 473 1942 ex
491 1899 579 1960 passo
598 1879 761 1942 hibendum
781 1899 868 1959 saepe
887 1879 1037 1959 praebeto.
1063 1879 1194 1950 Quidam

174 1987 233 2049 quo
265 1972 418 2049 potentius
450 1969 560 2030 herbae
592 1969 683 2031 huius
715 1969 858 2031 auxilium
892 1969 1039 2048 facerent,
1073 1969 1194 2030 adiecto

172 2057 260 2118 melle
275 2059 439 2119 cribratum
453 2059 606 2138 pulverem
621 2059 903 2139 conprehenderunt
917 2067 1005 2138 atque
1019 2057 1089 2118 inde
1105 2057 1194 2119 labae
1211 2077 1239 2117 11
1300 2083 1301 2094 ¹

172 2141 387 2225 magnitudine
401 2147 548 2208 dederunt
569 2146 773 2208 laborantibus
796 2147 941 2227 pthisicis,
960 2145 1053 2207 vulsis
1072 2155 1103 2207 et
1122 2165 1196 2208 181-

173 2236 290 2296 maticis
314 2254 433 2318 eosque,
458 2238 509 2315 qui
532 2238 621 2298 etiam
644 2236 804 2316 purulenta
823 2235 1009 2316 cremabant,
1033 2236 1193 2297 incolumi-

172 2325 228 2385 tati
250 2324 360 2385 solidae
384 2325 587 2386 reddiderunt.

119 2424 154 2474 88
262 2414 306 2474 Ad
324 2414 469 2493 pthisicos
488 2414 654 2474 remedium
673 2423 704 2474 et
721 2431 863 2493 praesens
883 2420 913 2474 et
931 2415 1101 2494 maximum,
1120 2431 1194 2473 nam
1300 2419 1301 2422 ’

174 2504 263 2563 etiam
291 2505 368 2563 vitae
396 2503 502 2564 dubios
531 2509 615 2564 sanat
641 2511 673 2564 et
699 2501 809 2581 quibus
833 2520 902 2581 spes
925 2519 1084 2581 superesse
1108 2501 1237 2563 11111881
1300 2573 1301 2578 γ

133 2630 137 2635 -
173 2592 321 2653 videatur:
348 2589 428 2671 Equi
456 2591 574 2653 salivam
603 2591 650 2652 vel
678 2609 812 2669 spumam
836 2609 904 2651 cum
929 2609 1003 2671 aqua
1028 2589 1122 2651 calida
1148 2589 1193 2650 bi·
1300 2585 1301 2602 ¹

172 2681 300 2742 hendam
322 2699 376 2760 per
400 2681 533 2742 triduum
556 2678 652 2761 dabis,
677 2681 767 2740 etiam
791 2698 879 2759 quem
903 2681 981 2740 tussi
1003 2678 1192 2740 intoleranda

173 2778 204 2831 et
227 2770 341 2831 diutina
364 2767 499 2830 laborare
518 2769 636 2849 videris,
659 2769 716 2829 boc
734 2768 867 2828 remedio
888 2767 1042 2849 liberabis,
1065 2786 1192 2847 aegrum

173 2859 292 2937 quidem
317 2859 381 2917 sinc
405 2860 594 2919 cunctatione
618 2857 751 2939 sanabis,
775 2857 826 2917 sed
851 2875 961 2937 equum
985 2875 1066 2917 mors
1091 2857 1191 2919 subita

119 2959 153 3008 89
173 2948 375 3025 consequitur.
406 2944 467 3007 Ova
491 2945 582 3007 cruda
606 2946 665 3007 duo
684 2949 715 3006 in
734 2946 857 3007 calicem
876 2954 1049 3025 verguntur,
1073 2965 1110 3006 eo
1130 2947 1191 3008 adi·
1206 2965 1234 3006 so

173 3037 295 3097 ciuntur
323 3034 381 3094 1181
407 3037 511 3114 optimi
536 3033 628 3115 -V,
657 3037 721 3113 gari
747 3035 830 3096 floris
856 3069 894 3080 —
915 3034 947 3115 V,
975 3037 1055 3115 passi
1077 3035 1192 3097 Cretici

175 3156 212 3167 -
235 3121 258 3181 V
281 3142 410 3202 cumque
433 3124 506 3185 haec
529 3127 559 3184 in
583 3124 706 3184 calicem
730 3127 907 3205 conieceris,
933 3127 1076 3204 axungiae
1107 3133 1190 3188 vetu-

245 3295 442 3364 aqucgulum.
514 3295 725 3364 481181181818
798 3293 1190 3364 881111118111.1011111

172 3383 237 3421 cum
255 3368 369 3435 scripsi.-
396 3365 530 3420 1111181111.
620 3366 715 3421 amulo
735 3367 841 3422 88111181
858 3367 926 3432 8811,
946 3382 1004 3420 non
1022 3365 1139 3434 amylon
1159 3373 1190 3421 111

175 3436 1189 3506 (18111811888111111.1181181181818.18818181808111811118.

172 3509 327 3562 1188181118
401 3505 1189 3587 1111111181.181881188811181111111818.

172 3575 1189 3634 811118181111111.88111118ω.1811181118.8181118118.
