2609 4017
593 186 831 250 -372—

150 359 184 409 30
292 347 427 408 Feniculi
459 349 553 408 iarina
586 366 622 408 ex
654 348 850 429 hydromelite
880 349 1001 410 decocta
1030 359 1060 410 et
1087 351 1219 428 inposita

204 437 357 515 chiragrae
380 437 525 498 medetur.

149 537 183 586 31
292 525 455 604 Podagram
479 533 512 586 ot
535 543 639 586 sanare
664 524 783 586 difficile
807 533 865 606 est,
893 528 936 586 sic
958 527 1115 605 incipienti
1137 527 1218 586 inter

202 616 286 674 icitia
310 632 470 675 occurrere
493 622 664 694 promptum
689 623 747 694 est3
771 632 839 674 nam
862 615 942 674 inter
959 616 1044 675 initia
1063 616 1128 676 eius
1147 633 1217 674 cum

202 703 320 763 dolores
348 705 504 780 asperrimi
533 711 617 783 sunt,
644 705 671 763 si
698 705 764 782 quis
792 721 866 763 vena
894 703 1017 764 adversa
1038 705 1070 763 in
1094 702 1242 764 brachios

202 799 360 871 pungatur,
379 809 437 851 non
456 791 544 851 modo
564 793 716 871 praesenti
734 790 836 852 dolore
851 791 1042 873 relevabitur,
1061 792 1217 852 sedetiam

201 882 232 939 in
255 887 409 958 posterum
433 888 579 959 perpetuo
603 879 787 941 liberabitur.

148 980 182 1028 32
290 967 409 1029 Utiliter
432 971 463 1028 in
482 968 585 1029 dolore
603 976 814 1047 perunguntur
832 968 923 1048 pedes
942 967 1016 1049 oleo,
1035 971 1067 1028 in
1087 988 1149 1048 quo
1168 970 1217 1030 diu

202 1056 324 1118 decocta
348 1057 407 1117 sint
429 1059 570 1117 intestina
594 1075 747 1138 ranarom3
770 1075 859 1118 ranae
884 1075 1002 1136 qnoque
1025 1057 1153 1118 rubetae
1172 1077 1218 1118 ex·

201 1154 285 1206 ustae
314 1147 390 1206 cinis
418 1165 486 1206 cum
515 1145 648 1207 sambuci
676 1146 810 1207 coliculis
838 1148 950 1206 teneris
977 1148 1058 1206 tritis
1087 1155 1118 1206 et
1150 1164 1217 1206 sevo
1230 1165 1253 1203 ao

202 1233 318 1294 hircino
346 1243 447 1294 vetere
475 1236 622 1312 permixto
656 1243 686 1295 et
717 1234 841 1296 decocto
872 1237 1045 1313 pariterque
1078 1237 1217 1316 imposito

149 1337 182 1385 33
203 1323 334 1401 prodest.
377 1321 458 1383 Folia
487 1326 623 1402 cupressi
646 1326 774 1384 contrita
798 1341 867 1383 cum
894 1325 980 1402 panis
1002 1323 1101 1384 mollis
1125 1326 1218 1404 parti-

201 1409 258 1471 bus
281 1409 397 1473 duabus
420 1419 451 1472 et
474 1414 599 1491 axungia
623 1421 724 1472 vetere
746 1411 868 1473 subacta
887 1413 1045 1473 medentur
1064 1411 1218 1473 doloribus

199 1499 357 1578 podagrae.

147 1601 182 1650 34
290 1588 399 1649 Semen
427 1598 566 1668 genestae
595 1597 716 1653 tunsum
744 1597 775 1649 et
803 1607 871 1649 cum
902 1591 1027 1668 axungia
1058 1589 1217 1651 subactum
1230 1608 1250 1648 n

146 1689 181 1738 35
201 1676 354 1737 doloribus
378 1677 583 1757 geniculorum
606 1685 745 1755 potenter
768 1676 934 1738 adhibetur.
970 1677 1116 1739 Mustelae
1135 1681 1216 1739 vivae

200 1765 372 1826 combustae
400 1769 476 1827 cinis
504 1783 572 1827 cum
601 1766 666 1826 oleo
691 1784 814 1826 rosaceo
838 1774 868 1826 et
890 1774 975 1826 aceto
997 1768 1090 1845 pinna
1112 1767 1216 1828 inlitus

197 1853 366 1933 podagricis
389 1855 520 1934 prodest.

145 1957 180 2005 36
288 1942 404 2004 Hedera
427 1946 555 2004 contrita
579 1950 695 2003 etcum
715 1961 801 2022 oryza
823 1961 858 2002 ac
876 1941 963 2003 melle
982 1943 1105 2004 decocta
1125 1954 1214 2023 atque

198 2032 230 2089 in
259 2049 352 2091 unum
381 2035 526 2110 permixta
555 2039 585 2092 et
613 2031 710 2092 denuo
738 2033 807 2091 trita
834 2031 982 2109 podagrae
1006 2040 1037 2092 et
1058 2032 1213 2112 chiragrae
1226 2051 1248 2090 ao

144 2132 178 2182 37
199 2128 228 2178 et
256 2137 417 2179 nervorum
441 2119 654 2180 offensionibus
679 2119 816 2180 medetur
838 2122 975 2199 inposita.
1017 2119 1120 2181 Urtica
1144 2124 1212 2181 trita

198 2225 267 2268 cum
291 2209 434 2286 sanguine
457 2208 577 2268 milvino
602 2218 652 2275 aut
675 2207 882 2287 palombornm
903 2209 1048 2288 permixta
1068 2217 1158 2288 atque
1176 2229 1212 2270 ex

198 2313 233 2355 eo
256 2295 348 2375 pedes
370 2295 449 2356 inliti
472 2296 634 2357 efficaciter
658 2305 808 2358 sanantur.

144 2399 178 2448 38
286 2384 444 2446 Mirificum
463 2385 617 2465 podagrae·
629 2386 794 2446 remedium
814 2403 871 2446 nec
889 2385 1040 2465 impendio
1058 2396 1211 2466 sumptuo-

198 2492 264 2534 sum
297 2475 357 2534 sic:
395 2473 538 2552 Cupressi
570 2471 679 2552 pilulae
711 2473 883 2554 duodecim,
916 2477 1084 2552 pastinacae
1122 2492 1246 2554 quamn

196 2564 336 2623 minimae
359 2563 483 2623 totidem
508 2563 718 2641 decoquuntur
741 2580 810 2622 cum
832 2564 910 2623 turis
934 2565 1014 2623 tunsi
1037 2565 1136 2624 unciis
1158 2567 1209 2625 tri-

197 2649 254 2711 bus
277 2669 346 2711 cum
367 2650 425 2710 olei
444 2653 572 2711 sextario
592 2658 621 2712 et
640 2669 733 2729 aquae
752 2651 870 2710 hemina
890 2660 919 2711 et
938 2653 1082 2730 axungiae
1100 2655 1207 2713 veteris

197 2741 294 2800 unciis
322 2739 359 2799 Vl
388 2747 417 2799 et
445 2757 531 2800 cerae
561 2739 750 2821 tantundem,
782 2757 858 2819 quae
886 2741 1045 2819 inspissata
1077 2748 1107 2800 et
1140 2760 1206 2803 con·

197 2827 340 2906 glutinata
363 2846 461 2906 panno
484 2828 567 2888 inlita
590 2827 717 2907 pedibus
741 2828 940 2906 adponuntur.

144 2929 178 2978 39
287 2916 330 2976 Ad
350 2917 509 2994 podagram
529 2935 597 2977 cum
615 2917 732 2976 fervore
750 2924 781 2976 et
794 2924 912 2977 tumore
926 2916 1103 2997 rubicundo,
1121 2935 1205 2996 mam
1217 2936 1241 2975 ao

198 3003 321 3065 calidam
340 3015 455 3086 vocant,
474 3004 547 3066 haec
566 3005 679 3065 iaciunt
697 3006 801 3084 primis
820 3004 926 3066 diebus
944 3005 1088 3068 adhibita:
1110 3005 1206 3066 llerba

198 3092 360 3154 urceolaris
388 3112 442 3171 per
471 3113 502 3153 se
530 3102 560 3154 et
585 3111 691 3154 caseus
716 3092 813 3154 mollis
841 3111 948 3154 recens
974 3112 1029 3173 per
1056 3112 1089 3155 se
1116 3097 1205 3174 impo

199 3185 283 3263 situs,
307 3189 409 3260 postea
428 3180 528 3260 herbe,
554 3184 603 3242 cui
621 3182 691 3242 salis
709 3181 848 3261 pusillum
868 3183 1032 3243 admiscere
1052 3183 1203 3263 oportebit

197 3270 272 3330 Item
300 3269 375 3331 bene
408 3269 479 3330 facit
510 3271 609 3349 apium
640 3270 735 3330 viride
764 3288 819 3349 per
852 3288 883 3330 se
911 3270 957 3331 vel
989 3290 1058 3332 cnm
1089 3271 1203 3352 polenta

289 3479 302 3526 1
322 3474 437 3528 feniculi
460 3473 563 3546 farina]
586 3475 664 3529 faeni
685 3473 890 3544 monitorias
909 3475 987 3531 Pata.
1000 3493 1028 3530 a.
1042 3477 1068 3534 h.
1083 3482 1130 3546 24,
1145 3482 1200 3534 188.

198 3545 231 3593 33
251 3541 346 3610 herba,
365 3544 422 3613 cui]
442 3543 546 3598 herbae
565 3544 688 3600 Scribere.
