2609 4017
569 153 787 218 ,52-

176 318 312 399 glabrum
334 318 432 378 locum
455 317 608 397 perlricet,
630 317 672 377 ita
695 323 728 376 ut
751 317 835 395 prius
856 314 907 375 diu
927 315 1018 375 linteo
1037 316 1192 393 asperiore

126 421 157 469 31
178 410 338 487 detergeat.
375 404 549 484 Aphronitri
572 405 654 466 floris
678 403 785 484 pilulas
809 402 905 486 XXX,
932 422 1039 464 nucem
1062 404 1192 484 pineam,

177 497 214 557 de
234 502 433 576 quapropter
453 502 627 555 vetustatem
647 493 747 555 nuclei
765 493 939 572 deciderint,
958 502 1084 572 tunsam,
1106 510 1192 571 sapo-

177 588 225 646 nis
248 583 352 645 Gallici
375 582 526 664 selibram,
556 586 616 643 vini
638 583 755 643 Aminei
782 581 903 661 cyathos
926 590 988 641 tres
1012 579 1100 641 simul
1123 599 1191 661 pcr-

176 672 317 734 miscebis
342 679 371 732 et
395 681 533 734 conteres
556 681 586 733 et
609 679 699 751 caput
722 669 857 751 glabrum
877 669 998 732 inlines:
1021 669 1078 731 boc
1097 670 1218 729 medi-s

143 763 292 822 acamine
325 762 413 821 etiam
445 763 537 841 crispi
572 760 669 841 capilli
696 768 866 821 nascentur.
911 758 1004 819 Malva
1036 777 1104 820 cum
1137 777 1192 819 sua

177 849 277 911 radice
300 850 491 911 vehementer
519 851 672 930 coquitur,
701 868 737 909 ex
763 850 849 910 cuius
876 866 952 927 aqua
975 845 1112 926 capillus,
1141 849 1192 907 cui

124 950 158 997 33
178 940 332 999 curatione
356 957 431 1017 opus
455 948 509 1020 est,
532 942 563 999 in
587 937 693 998 balneo
716 937 839 998 adsidue
858 935 980 997 lavatur.
1017 934 1083 996 Olei
1101 938 1193 996 cicini

180 1060 216 1069 -
240 1026 293 1108 ΙΙΙ,
326 1027 488 1088 ladani-
513 1027 565 1108 ΙΙΙ,
599 1026 703 1086 ladano
736 1029 807 1087 trito
839 1024 980 1106 paulatim
1012 1024 1192 1085 admiscebis

177 1113 275 1176 oleum
299 1122 329 1177 et
353 1134 421 1177 curn
444 1115 540 1177 mellis
566 1114 795 1176 crassitudinem
819 1114 940 1195 leceris,
963 1113 1079 1174 radices
1102 1112 1232 1192 capii-10

176 1202 275 1264 lorum
298 1204 420 1265 adsidue
444 1204 559 1267 inlices.

604 1397 685 1459 CAP.
709 1396 769 1458 Vll.

178 1510 307 1579 capillo
334 1509 498 1579 nigrcndo
526 1513 560 1565 et
587 1510 814 1597 incrispcndo.
859 1508 921 1564 His
950 1509 1082 1564 adiecta
1110 1513 1193 1564 sunt

213 1612 301 1669 quae
323 1600 483 1669 phlegma
506 1602 541 1655 et
563 1598 801 1669 perfrictiones
824 1598 942 1667 capitis
966 1598 1151 1653 deducunt.

144 1747 156 1794 1
269 1734 433 1815 Crispando
471 1735 576 1815 capillo
611 1736 847 1814 conpositionem
879 1732 1051 1793 huiusmodi
1083 1732 1192 1795 facies:

177 1822 353 1903 llphrcnilri
376 1824 458 1884 llcris
476 1823 602 1886 tortulas
621 1842 747 1884 numero
766 1820 855 1902 XXX,
878 1840 987 1882 nucem
1004 1824 1131 1901 pineam,
1155 1822 1192 1881 de

179 1930 237 1989 qua
260 1919 384 1989 propter
407 1918 584 1972 vetustatem
607 1912 706 1972 nuclei
729 1911 841 1989 delapsi
865 1912 938 1991 sint,
967 1918 1084 1971 tunsam
1109 1918 1138 1970 et
1161 1912 1193 1970 in
1290 1930 1291 1948 ³

178 1998 332 2077 pulverem
358 1998 516 2080 redactam,
545 2002 664 2078 saponis
688 1999 790 2060 Gallici
814 1998 916 2059 -ΙΙΙ
939 2006 970 2059 et
992 2000 1109 2058 Aminei
1130 2001 1234 2059 vini1⁵

179 2096 245 2165 cyat
234 2086 301 2147 thos
324 2085 372 2166 ΙΙΙ,
396 2095 485 2167 atque
508 2088 577 2148 inde
601 2096 691 2168 caput
713 2087 875 2149 inlineset
893 2090 929 2147 in
948 2086 1053 2148 balneo
1071 2087 1191 2148 lavabis.
1290 2105 1291 2162 j

180 2174 360 2255 Sphondylio
384 2193 503 2255 quoque
527 2186 616 2257 caput
641 2184 840 2282 perungatur,
868 2176 920 2237 sed
948 2178 1033 2254 prius
1062 2175 1192 2237 radatur.

144 2262 311 2323 acernum
339 2266 439 2325 arietis
463 2274 567 2327 uratur
590 2269 727 2354 cinisque
750 2267 814 2325 eius
838 2283 907 2325 oum
930 2264 995 2325 oleo
1019 2272 1193 2326 conteratur

145 2359 270 2431 eatque
298 2351 367 2412 inde
396 2352 534 2414 derasum
567 2363 656 2433 caput
688 2342 861 2433 frequenter
890 2361 1027 2432 ungatur
1074 2352 1193 2432 Capillis

172 2440 333 2520 nigrandis
356 2442 477 2503 iniectio
501 2445 623 2521 optima:
660 2442 861 2504 Hirundinum
889 2450 1021 2522 stercus,
1049 2451 1193 2546 quantum
1207 2456 1234 2495 20

182 2528 322 2612 sufficiat,
350 2549 418 2591 cum
447 2533 524 2593 aceti
547 2534 676 2593 sextario
698 2533 783 2592 mitte
806 2532 838 2590 in
861 2548 911 2590 vas
935 2530 1025 2591 fictile
1049 2539 1138 2610 atque
1162 2533 1193 2591 in

181 2618 250 2679 fimo
279 2579 422 2681 caballino
450 2639 505 2700 per
534 2620 597 2681 dies
625 2619 732 2680 XXXV
759 2620 917 2680 suffossum
945 2618 1054 2679 habeto
1083 2638 1117 2680 ac
1150 2622 1193 2680 sic
1290 2639 1291 2648 ¹

182 2716 330 2767 macerato
354 2716 443 2788 atque
466 2708 523 2769 hoc
547 2709 762 2769 medicamento
786 2726 886 2768 rasum
910 2716 999 2787 caput
1021 2708 1138 2769 inlinito
1162 2710 1194 2768 in

182 2794 287 2855 umbra
313 2814 368 2874 per
396 2796 567 2874 peniculum
589 2799 722 2875 pictoris.
765 2796 823 2856 Sed
847 2814 916 2857 sevo
940 2798 1060 2858 cervino
1089 2798 1192 2858 laciem

182 2884 266 2961 prius
289 2901 432 2965 perunge,
456 2902 493 2944 ne
517 2884 588 2963 quid
611 2884 681 2944 inde
704 2884 834 2945 destillet
857 2892 886 2946 et
909 2885 1050 2968 maculet,
1073 2893 1104 2946 et
1123 2886 1233 2947 dumo

183 2972 312 3031 siccatur
335 2971 469 3051 iniectio,
493 2972 591 3033 oleum
614 2974 692 3033 intra
716 2991 749 3033 os
773 2979 883 3053 teneto,
909 2992 946 3034 ne
970 2983 1000 3034 et
1023 2974 1127 3035 dentes
1151 2977 1194 3035 in-

183 3059 335 3139 ficiantur,
358 3077 392 3120 ac
415 3068 572 3140 postquam
595 3062 775 3140 imposueris
799 3062 990 3139 medicamen,
1017 3072 1122 3141 quarto
1147 3064 1194 3123 die

148 3156 275 3225 tcaput
297 3147 400 3209 lavato.
441 3148 571 3210 Medium
598 3150 725 3229 lapidem
752 3152 898 3211 couterino
922 3153 1009 3230 eique
1033 3150 1194 3212 admisceto

184 3235 270 3296 nardi
298 3237 367 3315 puri
394 3248 537 3317 quantum
566 3242 636 3301 satis
666 3239 827 3321 videbitur,
860 3257 919 3318 quo
947 3239 1140 3299 medicamine
1168 3242 1195 3299 si

183 3325 357 3403 lrequenter
371 3334 460 3405 caput
473 3346 596 3409 unguaS,
615 3327 789 3407 prohibebis
807 3346 896 3388 canos
910 3330 992 3389 nasci
1006 3330 1081 3388 etin
1096 3328 1195 3389 locum
1207 3344 1233 3384 ao

255 3518 289 3568 33
308 3532 326 3569 a
345 3513 486 3570 videbitur
504 3515 633 3571 vocabolo
651 3516 734 3571 codex
751 3531 849 3571 roano
866 3515 976 3585 incipit.
1030 3521 1192 3585 adaugeas.

1290 3339 1292 3370 l
