2609 4017
513 151 729 216 ..73-

96 335 174 377 cum
207 316 302 377 fariam
330 316 415 377 tenui
441 316 586 375 miscetur
614 332 647 375 ac
676 315 843 376 diutissime
874 317 995 395 teritur,
1024 325 1126 395 postea

97 405 238 466 adicitur
256 404 353 465 mellis
376 403 543 483 despumati
566 403 677 483 aliquid
701 422 736 465 ac
759 406 829 486 vini,
852 412 886 465 ut
904 403 1048 484 liquidius
1067 405 1126 486 liat,

97 504 249 575 potenter
276 492 345 555 inde
373 495 559 573 inunguntur
587 492 666 554 oculi
694 492 819 573 caligine
842 492 1020 554 laborantes.
1065 493 1125 554 llos
1144 506 1177 557 81

98 590 290 645 nocturnum
323 581 445 660 colliges
472 582 650 643 nitidissime
678 584 709 642 in
737 591 822 661 prato
850 589 880 643 et
907 584 938 642 in
967 582 1125 662 ampullam

69 674 209 737 emittes
234 679 322 752 atque
341 672 451 732 adicies
469 671 530 731 illic
549 670 645 731 mellis
664 670 755 732 Attici
769 664 808 758 β
824 670 876 731 Xll
898 680 928 732 ct
946 670 1127 751 opobalsami

101 754 146 847 2·
174 760 212 820 Vl
235 779 269 821 ac
292 762 406 839 pariter
429 767 590 838 utrumque
615 759 754 821 miscebis
777 770 807 822 et
830 764 873 821 sic
896 762 990 822 uteris
1014 760 1049 821 ad
1071 780 1125 822 uu·

102 849 239 929 gendum
262 850 308 909 vel
332 848 591 928 superlinendum,
622 851 731 910 mirum
760 850 924 910 remedium
953 852 1125 929 experieris.

104 938 223 999 Sucum
255 940 421 999 vettonicae
456 940 664 999 tenuissimum
692 938 788 1000 oculis
814 937 951 1018 infunde,
983 938 1125 1001 clariores
1144 951 1178 1001 88

103 1046 160 1089 cos
194 1028 284 1088 iacies
315 1036 344 1088 et
372 1029 561 1106 inportunam
589 1026 779 1088 lacrimarum
813 1026 1041 1089 destillationem
1069 1030 1128 1089 cito

62 1143 89 1181 ro
104 1116 246 1177 siccabis.
291 1115 344 1176 Fel
367 1115 471 1177 cameli
495 1115 590 1177 solum
614 1134 670 1194 per
693 1135 725 1177 se
749 1117 840 1177 fronti
862 1116 980 1177 inlitum
1004 1116 1126 1196 prodest
1145 1130 1179 1180 8³

104 1205 268 1265 adversum
296 1205 464 1286 caliginem,
493 1204 546 1265 sed
570 1223 607 1265 ne
636 1207 757 1266 omnino
786 1205 941 1286 lippiatur‚
969 1206 1126 1268 decoctum

105 1312 179 1355 cum
207 1293 302 1354 mellis
326 1295 429 1374 optimi
453 1294 566 1373 cyathis
589 1294 687 1355 tribus
711 1302 740 1355 et
764 1296 844 1355 croci
868 1297 955 1356 uncia
979 1297 1010 1355 in
1034 1314 1126 1356 unum

105 1382 250 1443 miscebis
283 1390 313 1444 et
345 1386 388 1444 sic
421 1382 615 1443 suffusionem
649 1383 686 1443 ad
713 1382 816 1444 oculos
844 1384 935 1444 facies
963 1384 1008 1443 vel
1037 1386 1127 1445 ctiam

106 1471 278 1553 superlines
300 1471 369 1533 inde
393 1471 554 1551 caligantes
578 1480 608 1532 et
631 1472 790 1552 lippientes
813 1472 929 1553 oculos3
954 1472 1012 1533 boc
1035 1472 1127 1533 medi-

66 1587 92 1627 15
107 1564 225 1623 camina
255 1563 342 1621 etiam
371 1569 579 1622 excrescentes
609 1579 714 1621 carnes
741 1563 773 1622 in
801 1560 896 1622 oculis
919 1568 950 1622 et
972 1563 1127 1622 cicatrices

106 1657 263 1712 curantur.
308 1650 352 1711 lo
380 1649 521 1729 caligines
545 1648 700 1711 oculorum
724 1650 919 1729 detergendas
944 1650 1126 1709 medicamen
1146 1663 1180 1712 84

106 1738 191 1800 valde
217 1739 334 1800 efficax:
356 1738 452 1800 Rosae
472 1741 568 1799 siccae
586 1756 704 1817 pugnos
723 1738 798 1799 duos
817 1737 920 1817 plenos
940 1756 1008 1799 cum
1028 1737 1127 1799 radice

106 1827 232 1890 feniculi
261 1827 419 1907 diligenter
447 1830 566 1907 purgati
596 1837 627 1887 et
656 1829 717 1888 feni
745 1828 844 1905 graeci
873 1845 1007 1906 pugnum
1034 1845 1126 1889 unrrm

107 1916 233 1997 plenum
251 1918 282 1977 in
302 1916 389 1978 ollam
408 1934 513 1978 novam
532 1920 632 1977 mittes
652 1924 683 1977 et
696 1917 818 1978 decocta
832 1920 927 1995 prima
942 1936 1018 1996 aqua
1036 1917 1127 1978 effusa

67 2008 152 2071 eosic
172 2013 276 2086 postea
296 2006 453 2086 decoques‚
477 2016 511 2067 nt
530 2008 704 2086 spissescat3
723 2005 830 2067 deinde
851 2005 945 2067 mellis
964 2006 1056 2067 Attici
1074 2025 1127 2066 un·

108 2098 186 2157 ciam
215 2096 407 2174 supermittes
436 2103 466 2155 et
492 2096 606 2174 piperis
634 2094 798 2173 scripulum
826 2093 902 2155 bene
930 2097 1007 2178 triti,
1037 2095 1131 2156 addes

108 2187 197 2245 etiam
222 2187 302 2263 passi
322 2184 433 2245 Cretici
456 2183 648 2265 aliquantum,
672 2193 706 2245 ut
728 2183 872 2264 liquidius
895 2184 994 2264 facias,
1020 2184 1127 2244 deinde

107 2292 163 2353 per
191 2272 345 2334 linteolum
379 2272 538 2334 delicatum
571 2272 682 2334 colabis
715 2280 745 2333 et
781 2272 816 2334 ad
855 2273 1049 2334 suffusionem
1081 2272 1127 2332 vel

109 2362 367 2442 superlinitionem
382 2361 538 2424 oculorum
552 2364 656 2424 uteris.
694 2361 827 2424 Perdicis
843 2362 882 2421 fel
901 2364 1026 2422 mixtum
1045 2360 1127 2422 melli
1145 2372 1179 2423 88

70 2476 95 2516 ss
108 2452 208 2526 Attico
228 2450 383 2530 caliginem
396 2450 482 2531 tollit,
502 2453 527 2511 si
542 2452 636 2512 oculis
650 2452 774 2512 adsidue
789 2450 971 2529 infundatur,
991 2450 1043 2511 sed
1058 2468 1126 2511 cum

108 2539 198 2601 modo
222 2548 253 2601 et
275 2540 391 2619 aequali
413 2557 573 2603 mensura.¹
608 2539 731 2619 Aquilae
755 2540 793 2600 iel
817 2556 884 2600 cum
910 2537 995 2598 melle
1019 2539 1126 2615 Attico,
1145 2550 1179 2600 86

109 2647 209 2709 myrra
236 2647 305 2689 vera
333 2637 363 2689 ct
391 2630 469 2689 nitro
499 2628 564 2689 albo
593 2628 717 2707 singulis
745 2629 842 2689 unciis
874 2628 999 2687 mixtum
1032 2626 1127 2686 oculis

108 2720 253 2777 visionem
281 2720 481 2780 acutissimam
498 2725 653 2796 praestat,
682 2720 708 2778 si
736 2735 804 2778 cum
833 2714 920 2776 modo
943 2714 1125 2776 infundatur.

109 2806 148 2867 Ut
166 2808 229 2867 acie
248 2809 376 2867 certiore
395 2808 506 2868 intueri
526 2808 623 2867 omnia
642 2808 748 2887 possis,
770 2807 845 2867 licus
862 2804 1017 2866 Africanae
1037 2807 1125 2866 etiam
1144 2818 1177 2868 87

72 2922 97 2961 co
112 2897 219 2956 veteris
246 2894 407 2958 dnmmodo
434 2898 646 2974 pinguissimae
675 2896 709 2957 ad
739 2898 839 2975 ignem
867 2894 1024 2955 calefactae
1054 2912 1125 2955 suco

112 3002 252 3063 expresso
280 2986 408 3065 vinoque
440 2983 534 3045 diluto
567 2986 670 3046 oculos
697 2988 824 3067 inunge,
857 2983 1052 3063 gratulaberis
1080 3003 1125 3044 re·

111 3071 216 3134 medio.
262 3072 368 3153 Vipera
397 3075 461 3134 viva
484 3074 614 3134 mittitur
636 3076 668 3133 in
691 3092 741 3135 vas
764 3092 874 3134 novum
899 3072 988 3133 fictile
1013 3082 1043 3133 et
1065 3072 1124 3133 adi·
1143 3086 1178 3135 88

112 3163 189 3222 citur
212 3163 240 3222 ei
263 3165 328 3223 suci
352 3161 473 3223 feniculi
495 3162 618 3242 cyathus
638 3180 716 3223 tinus
735 3169 766 3223 et
784 3164 860 3223 turis
879 3179 1004 3241 granum
1022 3179 1124 3240 uuum,

112 3250 216 3311 deinde
237 3269 287 3313 vas
308 3250 465 3313 obturatur
484 3250 586 3331 argilla
605 3258 635 3311 et
654 3250 874 3313 circumlinitur
897 3259 926 3310 et
950 3252 991 3309 in>
1004 3248 1124 3309 furnum

181 3464 196 3512 2
217 3460 248 3512 ut
267 3429 390 3514 litterula
407 3474 493 3513 escen
586 3462 603 3511 8
621 3457 776 3514 vetonicae.
870 3463 902 3511 18
922 3453 1051 3531 miscebis
1074 3470 1125 3509 orn.

113 3532 145 3583 to
164 3528 332 3597 dequoques.
406 3534 439 3583 st
459 3527 622 3598 gratulabis.
696 3535 731 3583 at
750 3528 919 3584 circumline.
