2609 4017
481 193 720 260 -321-

91 356 227 436 pondera
254 363 285 416 et
307 356 384 417 fiunt
405 355 544 436 turundi,
567 357 619 435 qui
642 353 779 416 similiter
801 355 838 416 ad
861 355 1019 419 laxandum
1040 377 1110 420 ren·

92 455 173 506 trem
188 462 244 504 ano
259 445 432 506 iniciuntur.
461 443 557 506 Sucus
571 443 705 506 hastulae
719 445 819 523 regiae
833 444 981 508 admixtus
996 447 1107 508 larinae
1126 461 1164 509 33

93 552 131 594 ex
155 534 271 615 tritico,
297 532 403 594 deinde
427 531 568 594 subactus
591 535 622 593 in
646 535 731 612 panis
754 533 876 595 modum
897 542 929 596 et
951 543 1055 597 coctus
1077 539 1110 596 in

92 623 184 684 lurno
213 630 301 701 atque
329 623 393 682 esui
420 621 506 682 datus
534 629 641 701 purgat
668 621 745 683 hene
773 631 916 687 ventrem.
957 623 1110 704 Epithymi
1127 638 1163 686 33

64 711 120 772 ah
139 709 201 790 Vll,
223 709 293 770 salis
312 708 379 770 1111
402 711 434 772 in
457 728 532 790 aqua
555 709 649 772 mulsa
671 713 698 770 si
715 712 800 790 potui
819 711 947 795 dederis,
969 715 1108 792 pituitam

93 808 124 861 et
148 798 239 860 hilem
262 816 380 860 omnem
403 816 458 877 per
480 806 615 861 ventrem
640 798 788 862 detrahes.

184 888 341 967 Agaricum
360 887 489 949 detrahit
506 906 562 967 per
579 895 715 949 ventrem
733 890 864 967 spissum
884 896 914 950 ct
933 897 1109 970 corruptum
1127 903 1166 952 34

94 994 240 1057 umorem,
263 978 349 1038 cuius
372 984 406 1037 ut
428 976 591 1054 plurimum
611 976 720 1038 dantur
739 977 854 1038 denarii
873 977 931 1038 duo
951 996 1019 1038 cum
1038 979 1109 1039 salis

93 1065 225 1126 denariis
248 1064 365 1126 duobus
388 1065 510 1144 potandi
533 1084 569 1126 ex
588 1064 701 1127 mulsae
720 1065 824 1145 glottis
842 1064 874 1125 V.
911 1065 1033 1128 Minime
1051 1067 1108 1128 hoc

52 1178 78 1217 ιο
93 1154 262 1216 remedium
296 1154 480 1215 stomachum
511 1153 601 1217 laedit
629 1172 807 1234 omnemque
839 1163 947 1234 purget
973 1173 1109 1216 umorem

92 1261 194 1323 neque
222 1244 397 1322 sanguinem
426 1245 592 1323 corrumpit
619 1261 674 1304 nec
702 1246 729 1304 si
756 1261 832 1322 quae
857 1250 959 1323 partes
982 1245 1109 1305 interius

92 1340 225 1411 tument,
249 1331 412 1413 exulcerat,
436 1349 539 1392 verum
563 1334 653 1394 etiam
676 1331 807 1413 adiuvat3
834 1331 958 1410 prodest
985 1334 1109 1394 311331-

93 1423 177 1482 neris
204 1420 371 1482 tumoribus
399 1428 429 1481 et
456 1439 531 1500 quos
559 1420 665 1482 Graeci
695 1415 977 1501 περιπλευμονικοὺς
1008 1421 1109 1501 appel-

93 1510 165 1570 lant.
203 1509 386 1591 Cucumeris,
411 1527 469 1589 quo
493 1512 649 1590 vescimur,
674 1511 796 1570 seminis
819 1510 943 1589 cyathus
965 1512 1056 1571 tritus
1077 1518 1108 1571 et
1126 1524 1163 1574 35

52 1620 78 1662 33
93 1616 207 1659 nucum
230 1600 386 1677 pinearum
406 1607 598 1678 purgatarum
619 1598 743 1677 cyathus
762 1600 910 1659 contritus
928 1605 959 1659 et
977 1597 1020 1658 sal
1039 1616 1109 1658 cum

91 1686 181 1748 melle
206 1688 304 1768 tritus,
327 1689 474 1748 inunum
497 1689 589 1748 mixta
612 1686 685 1747 haec
704 1685 823 1747 solvunt
844 1693 985 1766 ventrem,
1008 1685 1108 1747 lehres

92 1793 214 1854 quoque
242 1775 432 1836 advenientes
463 1777 647 1856 inminuunt,
675 1791 793 1835 morsus
821 1773 966 1835 stomachi
995 1774 1109 1855 sedant,

92 1881 180 1926 acres
202 1863 334 1943 liquores
357 1863 492 1943 hilesque
515 1866 692 1943 reprimunt.

184 1952 268 2032 Aqua
291 1951 385 2013 mulsa
408 1971 446 2012 ex
468 1951 554 2013 melle
576 1951 670 2015 crudo
689 1959 758 2031 pota
777 1958 910 2012 ventrem
929 1958 1036 2032 moret,
1060 1970 1108 2012 ex·
1127 1969 1164 2018 33

52 2063 79 2102 so
95 2048 199 2102 tenuat
226 2041 385 2122 glutinosa,
413 2040 482 2102 lieni
510 2040 647 2122 prodest3
675 2041 777 2101 eadem
804 2042 955 2102 intestinis
978 2049 1110 2120 praestat

94 2129 261 2191 remedium
284 2137 314 2190 et
337 2131 429 2211 renis,
453 2147 528 2209 quae
551 2132 677 2192 suntin
699 2131 835 2208 proximo
858 2131 938 2190 circa
958 2131 1108 2212 intestina,

93 2218 246 2299 medetur3
268 2217 399 2298 liquores
423 2220 521 2298 etiam,
544 2221 596 2298 qui
618 2219 754 2299 pulmoni
776 2219 911 2279 insidunt
933 2226 965 2280 et
987 2218 1109 2281 difficile

94 2315 287 2388 exercentur,
315 2306 449 2388 depelht3
477 2307 528 2367 sed
558 2307 709 2369 stomacho
738 2310 837 2386 aptius
865 2314 911 2368 est
938 2307 997 2368 mel
1024 2314 1108 2369 aceto

93 2398 230 2477 mixtum,
252 2397 351 2457 minus
374 2397 454 2456 enim
478 2395 572 2477 inllat3
596 2397 745 2457 efficacior
768 2403 935 2456 esttamen
953 2395 1109 2457 umoribus

52 2505 78 2546 33
94 2504 170 2565 aqua
198 2483 306 2566 mulsa3
333 2487 427 2564 magis
455 2486 534 2544 enim
562 2492 703 2545 extenuat
730 2483 863 2563 liquores
891 2489 921 2543 et
947 2483 1109 2545 iucundius

95 2575 233 2635 sumitur.

184 2661 373 2724 hhsinthium
400 2670 504 2741 potum
531 2669 630 2722 movet
653 2659 742 2721 bilem
765 2662 892 2721 maxime
915 2660 1041 2719 iocineri
1063 2661 1108 2720 in·
1126 2676 1164 2725 3⁷

95 2750 255 2831 sidentem,
281 2757 399 2812 coctum
423 2749 543 2830 quidem
566 2768 634 2810 cum
659 2767 735 2828 aqua
757 2751 835 2809 sumi
858 2747 959 2829 dehet3
986 2765 1054 2808 nam
1078 2755 1109 2808 et

94 2857 150 2918 per
174 2841 290 2920 urinam
313 2847 343 2900 et
366 2857 420 2918 per
443 2847 577 2899 ventrem
600 2837 778 2899 cruditatem
802 2855 920 2898 omnem
939 2836 1060 2898 deducit
1078 2845 1108 2898 et

53 2949 80 2989 ao
96 2927 248 2988 stomacho
276 2927 438 3007 opituletur
466 2934 496 2986 et
524 2929 698 3005 sanguinem
726 2929 851 3007 spargit,
879 2927 965 2987 ouius
992 2945 1109 2987 summa

95 3019 178 3095 potio
197 3014 286 3077 33111
306 3015 342 3074 Vl
362 3033 429 3076 cum
450 3014 518 3076 salis
540 3014 629 3097 Xlll,
647 3013 744 3077 mellis
762 3015 868 3095 cyatho
887 3033 947 3075 uno
966 3023 996 3076 et
1015 3033 1107 3094 aquae

96 3107 240 3186 sextari03
263 3104 315 3165 sed
339 3105 366 3164 si
387 3106 481 3182 magis
504 3102 610 3183 aliquis
633 3104 731 3166 alvum
754 3107 847 3166 citare
870 3103 1010 3185 voluerit,
1038 3104 1109 3164 salis

96 3192 122 3254 11
141 3191 193 3254 Vll
215 3194 378 3254 admiscere
403 3191 499 3253 debet.

185 3346 361 3417 2113313133]
386 3345 466 3400 asilu.
592 3348 705 3415 hpotu.
823 3343 974 3414 eglultis]
998 3344 1107 3413 cyathis

96 3417 259 3474 (dornoniae.
341 3417 469 3472 menime.
552 3421 585 3470 13
605 3420 634 3472 et
651 3416 734 3487 quos]
754 3430 833 3482 qnos.
912 3412 1107 3483 pleumoticos.

97 3495 130 3544 16
150 3489 303 3544 solvuntur.
377 3493 411 3542 18
431 3487 520 3558 acres]
540 3488 621 3542 aeris.
693 3493 728 3542 20
746 3483 913 3555 gluttinosa.
977 3491 1012 3540 24
1029 3503 1109 3542 umo-

94 3560 171 3615 ribus
191 3565 240 3614 1m
257 3559 277 3612 h
295 3559 359 3616 odd.
378 3564 430 3616 2m
448 3574 535 3628 supro
554 3559 603 3614 liu.
676 3562 711 3614 25
730 3554 882 3613 iocundius.

148 3659 311 3708 Muennnns,
326 3668 366 3700 nn.
379 3658 535 3699 Enmtcm
913 3651 946 3701 21
