2609 4017
500 155 791 220 -359-‘

112 319 251 399 solvatur,
274 326 377 396 postea
396 317 494 380 oleum
513 320 675 397 myrtinum
695 326 725 379 et
744 337 900 380 rosaceum
919 330 949 381 et
967 321 1123 381 cedrinum

112 417 141 468 et
159 409 375 468 ammoniacum
394 409 498 468 tritum
518 407 700 468 admiscetur
718 418 748 468 et
762 415 834 468 tunc
849 407 1027 469 subducitur
1040 408 1122 469 llam·

111 515 166 576 ma,
185 514 224 556 ne
244 495 415 557 effervescat
433 496 695 576 medicamentum,
717 496 882 557 secuudum
902 515 977 576 quae
996 497 1124 558 adicitur

111 603 233 646 crocum
262 587 367 646 tritum
396 603 429 645 ex
459 592 557 665 aceto,
586 585 694 645 deinde
722 603 821 664 myrra
849 586 918 646 trita
946 588 1123 666 aspergitur,

81 673 250 737 sultimum
273 676 385 734 nitrum
409 681 439 734 et
457 672 561 734 Assius
584 672 659 751 lapis
677 673 796 734 additur
815 680 845 734 et
864 675 907 734 sic
926 676 1124 753 compositum

111 762 359 823 medicamentum
382 764 539 840 reponitur
561 764 593 822 in
615 761 731 840 pyxide.

200 850 334 929 Asopum
348 851 384 910 ad
399 851 630 930 permistionem,
649 849 855 910 lassitudinem
869 859 899 910 et
913 850 1045 912 dolorem
1059 857 1123 912 teu·
1142 869 1160 917 e

111 943 286 1018 sionemque
313 957 486 1020 nervorum,
512 939 590 1017 quod
619 938 717 999 hieme
740 937 904 999 adhibitum
928 958 987 1000 non
1011 943 1124 1019 patitur

110 1029 328 1108 perfrigescere
352 1027 513 1106 quamlibet
535 1036 650 1106 partem
674 1027 889 1107 membrorum3
912 1027 969 1088 hoc
991 1029 1125 1108 Augusta

65 1139 97 1178 ao
110 1117 194 1178 Livia
224 1115 377 1196 utebatur,
406 1118 513 1195 accipit
541 1115 627 1176 haec:
661 1115 796 1176 Samsuci
823 1115 905 1177 lloris
933 1114 965 1176 s
988 1117 1015 1198 l,
1046 1119 1124 1178 roris

110 1207 220 1267 marini
248 1204 386 1265 loliorum
410 1203 441 1264 θ
460 1204 487 1285 l,
516 1204 699 1284 laenograeci
723 1204 754 1265 P.
773 1204 799 1284 l,
827 1206 888 1265 viui
911 1203 1028 1266 Falerni
1053 1224 1124 1266 cou-

110 1297 203 1374 gium,
227 1292 285 1354 olei
303 1292 460 1355 Venafrani
478 1293 508 1354 P.
528 1292 560 1354 V.
592 1292 715 1353 Praeter
738 1291 836 1354 oleum
859 1297 957 1355 omnia
975 1294 1074 1355 triduo
1093 1297 1124 1354 in

110 1385 180 1444 rino
210 1384 355 1442 macerari
382 1381 544 1463 oportebit,
573 1388 679 1460 quarto
708 1381 755 1442 die
784 1381 881 1451 oleum
909 1383 1068 1444 admisceri
1095 1393 1126 1444 et

110 1472 203 1550 coqui
222 1473 251 1530 in
270 1489 365 1550 pruna
385 1488 444 1530 non
463 1472 526 1530 acri
544 1470 802 1550 medicamentum,
823 1471 917 1532 donec
937 1474 1036 1532 vinum
1055 1490 1125 1532 cou-

67 1569 257 1638 assumatur,
280 1565 382 1636 postea
406 1557 553 1636 percolari
576 1576 630 1637 per
652 1557 777 1619 linteum
800 1559 909 1638 duplex
931 1559 1056 1638 oleoque
1076 1560 1124 1620 ad·

110 1648 172 1709 huc
196 1647 303 1708 calenti
326 1665 413 1708 cerae
435 1646 574 1707 Ponticae
598 1646 630 1710 Ρ
651 1646 672 1706 S
695 1647 773 1706 adror
795 1649 946 1727 convenit,
970 1649 1126 1726 reponitur

111 1736 361 1797 medicamentum
381 1735 464 1796 fictili
482 1735 528 1796 vel
547 1742 669 1814 stagneo
690 1753 766 1795 vaso
795 1733 869 1796 Usui
883 1743 929 1796 est
942 1736 1021 1843 lenta
1036 1754 1125 1797 manu

110 1824 291 1905 perductum
315 1823 453 1884 omnibus
476 1823 627 1884 membris.

202 1914 335 1992 Asopum
363 1913 398 1972 ad
429 1931 588 1973 nervorum
617 1929 734 1992 causas,
763 1912 842 1990 quod
870 1930 925 1990 per
948 1913 1161 1982 vindemiama

68 2023 97 2062 so
112 2003 311 2080 componitur,
334 2010 493 2079 antequam
517 2009 646 2062 mustum
672 2000 864 2081 defervescat,
887 2003 945 2065 sic:
967 2001 1058 2063 blusti
1079 2020 1125 2062 re·

111 2091 210 2152 centis
234 2092 354 2168 congios
373 2088 396 2147 V
415 2097 445 2149 et
463 2088 522 2149 olei
540 2088 697 2150 Venafraui
715 2088 747 2150 P.
766 2089 790 2169 l,
811 2092 842 2150 in
865 2089 913 2150 his
936 2099 1125 2152 macerantur

112 2181 239 2259 speciae,
263 2195 337 2256 quae
361 2177 438 2247 inira
462 2179 590 2256 scriptae
610 2185 689 2258 sunt,
712 2186 854 2239 contusae
874 2187 904 2239 et
922 2179 1125 2258 percribratae

110 2265 323 2346 grandioribus
343 2265 538 2326 foraminibus
558 2265 659 2345 cribri,
682 2267 712 2327 id
732 2277 778 2328 est
795 2269 849 2327 iris
868 2267 1000 2346 Illyricae
1019 2267 1046 2328 X
1065 2267 1125 2349 XL,

112 2357 216 2435 cyperi
231 2354 255 2414 X
270 2353 329 2435 XL,
343 2353 421 2414 laeui
435 2357 532 2433 graeci
548 2353 573 2413 X
588 2353 647 2435 XL,
662 2357 775 2434 piperis
789 2358 867 2433 nigri
883 2354 908 2415 X
922 2355 981 2436 XL,
998 2355 1125 2435 xylobal-

70 2464 98 2504 εει
114 2446 190 2505 sami
199 2442 284 2521 XXL,
299 2442 404 2503 calami
418 2443 541 2522 odorati,
551 2460 610 2521 quo
621 2446 810 2519 unguentarii
825 2450 960 2524 utuntur,
975 2443 1126 2525 XLXXX,

112 2532 238 2593 schoeni
261 2529 287 2591 X
310 2530 423 2610 LXXX,
446 2531 595 2591 saliuncae
618 2529 644 2589 X
667 2529 787 2610 LXXX,
809 2529 939 2590 sertulae
962 2531 1126 2610 Campanae

114 2621 140 2681 X
160 2619 249 2698 Xllll,
273 2621 369 2680 casiae
393 2622 494 2698 nigrae
515 2618 540 2679 X
555 2617 673 2699 XXllll,
696 2619 876 2678 cardamomi
894 2617 920 2677 X
934 2618 1010 2698 XXI,
1034 2628 1126 2699 styra-

114 2712 159 2770 cis
182 2708 208 2769 X
231 2706 360 2786 XXVlll,
383 2710 459 2768 costi
481 2707 602 2786 XXllll,
626 2725 742 2786 myrrae
765 2707 905 2766 Amineae
929 2706 955 2767 X
979 2706 1055 2789 XXl,
1078 2727 1126 2768 ca·

115 2799 176 2858 siae
200 2795 381 2875 daphnitidis
405 2795 430 2857 X
453 2795 548 2875 Xllll,
573 2798 672 2875 spicae
695 2795 780 2856 nardi
803 2794 829 2856 X
852 2793 912 2855 XL.
954 2794 1033 2857 llaec
1057 2815 1126 2858 cum

70 2905 100 2945 eo
114 2893 213 2946 musto
242 2892 272 2944 et
299 2884 363 2944 oleo
391 2892 580 2945 macerantur
602 2887 634 2945 in
658 2901 727 2944 vaso
750 2893 872 2963 stagneo
896 2892 947 2945 aut
969 2885 1053 2946 fictili
1075 2905 1126 2966 po·

115 2977 171 3035 sita
194 2992 248 3053 per
271 2973 335 3034 dies
358 2971 446 3032 XXX.
488 2971 614 3051 Oportet
641 2981 741 3034 autem
767 2990 817 3032 vas
840 2971 916 3033 bene
940 2973 1073 3036 clausum
1096 2983 1127 3035 et

115 3062 265 3141 alligatum
298 3061 344 3120 bis
376 3062 407 3121 in
435 3060 484 3121 die
514 3061 587 3122 solvi
615 3070 645 3122 et
672 3063 847 3141 permisceri
873 3065 985 3142 omnia,
1019 3062 1126 3123 deinde

115 3169 221 3212 rursus
245 3150 357 3229 operiri
380 3158 410 3209 et
433 3151 553 3228 signari,
576 3169 613 3210 ne
638 3153 716 3210 vires
740 3158 924 3210 evanescant,
956 3150 1028 3210 Post
1045 3149 1126 3210 XXX

114 3240 179 3301 dics
203 3238 340 3300 colantur
363 3246 518 3318 macerata,
541 3237 578 3298 de
602 3238 711 3317 quibus
730 3241 814 3316 quasi
833 3237 930 3299 olerum
949 3256 1058 3316 purum
1077 3257 1125 3299 ex·

206 3380 219 3427 1
239 3371 404 3444 myrtinum]
422 3373 594 3428 scribendum
612 3372 741 3427 vidden
733 3372 843 3426 annum.
895 3379 927 3426 11
942 3372 1018 3428 faeni
1025 3372 1127 3454 'graeci

115 3445 268 3501 sextarium
286 3460 373 3497 unum
392 3443 516 3498 Scribere.
624 3449 659 3498 28
678 3441 812 3497 Amineae
831 3443 972 3500 Scribere:
994 3444 1124 3500 miuneae

116 3516 277 3573 Oornarins
348 3519 383 3569 29
402 3512 496 3584 spicas
513 3512 606 3584 nardi]
627 3512 768 3583 aspalathi
786 3513 911 3570 Scribon.

1162 3781 1261 3890 Γ
