<?xml version="1.0" encoding="UTF-8"?>
<!DOCTYPE html PUBLIC "-//W3C//DTD XHTML 1.0 Transitional//EN"
    "http://www.w3.org/TR/xhtml1/DTD/xhtml1-transitional.dtd">
<html xmlns="http://www.w3.org/1999/xhtml" xml:lang="en" lang="en">
 <head>
  <title>
</title>
<meta http-equiv="Content-Type" content="text/html;charset=utf-8" />
  <meta name='ocr-system' content='tesseract 3.04.00' />
  <meta name='ocr-capabilities' content='ocr_page ocr_carea ocr_par ocr_line ocrx_word'/>
</head>
<body>
  <div class='ocr_page' id='page_1' title='image "./marcellidemedic03helmgoog_0038.png"; bbox 0 0 2609 4017; ppageno 0'>
   <div class='ocr_carea' id='block_1_1' title="bbox 233 271 1155 401">
    <p class='ocr_par' dir='ltr' id='par_1_1' title="bbox 233 271 1155 401">
     <span class='ocr_line' id='line_1_1' title="bbox 233 271 1155 401; baseline 0.001 -1"><span class='ocrx_word' id='word_1_1' title='bbox 233 327 477 401; x_wconf 72' lang='lat' dir='ltr'><strong>uenenum</strong></span> <span class='ocrx_word' id='word_1_2' title='bbox 507 328 569 400; x_wconf 86' lang='lat' dir='ltr'><strong>on</strong></span> <span class='ocrx_word' id='word_1_3' title='bbox 598 271 967 401; x_wconf 76' lang='lat' dir='ltr'><strong>unorcnmunms</strong></span> <span class='ocrx_word' id='word_1_4' title='bbox 996 326 1155 401; x_wconf 78' lang='lat' dir='ltr'><strong>oreon.</strong></span> 
     </span>
    </p>
   </div>
   <div class='ocr_carea' id='block_1_2' title="bbox 497 452 880 635">
    <p class='ocr_par' dir='ltr' id='par_1_2' title="bbox 497 452 880 635">
     <span class='ocr_line' id='line_1_2' title="bbox 627 452 752 514; baseline 0 -1"><span class='ocrx_word' id='word_1_5' title='bbox 627 452 707 514; x_wconf 81' lang='lat' dir='ltr'><strong>CAP.</strong></span> <span class='ocrx_word' id='word_1_6' title='bbox 731 452 752 513; x_wconf 91' lang='lat' dir='ltr'><strong>l.</strong></span> 
     </span>
     <span class='ocr_line' id='line_1_3' title="bbox 497 564 880 635; baseline 0 -14"><span class='ocrx_word' id='word_1_7' title='bbox 497 564 552 621; x_wconf 82' lang='lat' dir='ltr'><strong>Ad</strong></span> <span class='ocrx_word' id='word_1_8' title='bbox 575 564 694 635; x_wconf 79' lang='lat' dir='ltr'><strong>ospitis</strong></span> <span class='ocrx_word' id='word_1_9' title='bbox 716 565 880 621; x_wconf 86' lang='lat' dir='ltr'><strong>dolorem.</strong></span> 
     </span>
    </p>
   </div>
   <div class='ocr_carea' id='block_1_3' title="bbox 146 680 1297 3162">
    <p class='ocr_par' dir='ltr' id='par_1_3' title="bbox 149 680 1206 941">
     <span class='ocr_line' id='line_1_4' title="bbox 149 680 1206 761; baseline -0.003 -15"><span class='ocrx_word' id='word_1_10' title='bbox 149 698 163 746; x_wconf 91' lang='lat'><strong>1</strong></span> <span class='ocrx_word' id='word_1_11' title='bbox 271 682 315 742; x_wconf 80' lang='lat' dir='ltr'><strong>nd</strong></span> <span class='ocrx_word' id='word_1_12' title='bbox 335 684 441 761; x_wconf 86' lang='lat' dir='ltr'><strong>capitis</strong></span> <span class='ocrx_word' id='word_1_13' title='bbox 459 682 591 743; x_wconf 91' lang='lat' dir='ltr'><strong>dolorem</strong></span> <span class='ocrx_word' id='word_1_14' title='bbox 605 686 694 743; x_wconf 88' lang='lat' dir='ltr'><strong>etiam</strong></span> <span class='ocrx_word' id='word_1_15' title='bbox 709 685 741 743; x_wconf 95' lang='lat' dir='ltr'><strong>in</strong></span> <span class='ocrx_word' id='word_1_16' title='bbox 755 683 833 744; x_wconf 86' lang='lat' dir='ltr'><strong>lehri</strong></span> <span class='ocrx_word' id='word_1_17' title='bbox 845 684 951 761; x_wconf 88' lang='lat' dir='ltr'><strong>primis</strong></span> <span class='ocrx_word' id='word_1_18' title='bbox 965 680 1071 743; x_wconf 88' lang='lat' dir='ltr'><strong>diebus</strong></span> <span class='ocrx_word' id='word_1_19' title='bbox 1084 683 1206 743; x_wconf 90' lang='lat' dir='ltr'><strong>incom-</strong></span> 
     </span>
     <span class='ocr_line' id='line_1_5' title="bbox 183 770 1204 851; baseline -0.002 -18"><span class='ocrx_word' id='word_1_20' title='bbox 183 771 264 833; x_wconf 88' lang='lat' dir='ltr'>modi</span> <span class='ocrx_word' id='word_1_21' title='bbox 277 770 401 851; x_wconf 90' lang='lat' dir='ltr'><strong>serpulli</strong></span> <span class='ocrx_word' id='word_1_22' title='bbox 414 804 458 815; x_wconf 91' lang='lat'><strong>·-</strong></span> <span class='ocrx_word' id='word_1_23' title='bbox 471 770 499 850; x_wconf 87' lang='grc' dir='ltr'><strong>Ι,</strong></span> <span class='ocrx_word' id='word_1_24' title='bbox 518 790 604 833; x_wconf 90' lang='lat' dir='ltr'><strong>rosae</strong></span> <span class='ocrx_word' id='word_1_25' title='bbox 618 772 718 832; x_wconf 89' lang='lat' dir='ltr'><strong>aridae</strong></span> <span class='ocrx_word' id='word_1_26' title='bbox 735 805 773 815; x_wconf 90' lang='grc'>-</span> <span class='ocrx_word' id='word_1_27' title='bbox 784 771 813 832; x_wconf 94' lang='lat' dir='ltr'><strong>ll</strong></span> <span class='ocrx_word' id='word_1_28' title='bbox 824 774 1028 850; x_wconf 88' lang='lat' dir='ltr'><strong>incoquuntur</strong></span> <span class='ocrx_word' id='word_1_29' title='bbox 1042 789 1112 831; x_wconf 89' lang='lat' dir='ltr'><strong>cum</strong></span> <span class='ocrx_word' id='word_1_30' title='bbox 1125 771 1204 832; x_wconf 90' lang='lat' dir='ltr'><strong>duo·</strong></span> 
     </span>
     <span class='ocr_line' id='line_1_6' title="bbox 182 859 1204 941; baseline 0 -20"><span class='ocrx_word' id='word_1_31' title='bbox 182 860 240 921; x_wconf 92' lang='lat' dir='ltr'><strong>hus</strong></span> <span class='ocrx_word' id='word_1_32' title='bbox 259 862 396 921; x_wconf 81' lang='lat' dir='ltr'><strong>sextariis</strong></span> <span class='ocrx_word' id='word_1_33' title='bbox 410 862 486 921; x_wconf 88' lang='lat' dir='ltr'><strong>aceti</strong></span> <span class='ocrx_word' id='word_1_34' title='bbox 500 862 647 941; x_wconf 77' lang='lat' dir='ltr'><strong>acerrimi,</strong></span> <span class='ocrx_word' id='word_1_35' title='bbox 667 860 761 921; x_wconf 88' lang='lat' dir='ltr'><strong>donec</strong></span> <span class='ocrx_word' id='word_1_36' title='bbox 775 860 812 921; x_wconf 89' lang='lat' dir='ltr'><strong>ad</strong></span> <span class='ocrx_word' id='word_1_37' title='bbox 831 860 967 921; x_wconf 89' lang='lat' dir='ltr'><strong>dimidias</strong></span> <span class='ocrx_word' id='word_1_38' title='bbox 984 859 1204 939; x_wconf 79' lang='lat' dir='ltr'><strong>perducantur.</strong></span> 
     </span>
    </p>

    <p class='ocr_par' dir='ltr' id='par_1_4' title="bbox 148 948 1297 1829">
     <span class='ocr_line' id='line_1_7' title="bbox 183 948 1203 1029; baseline -0.001 -19"><span class='ocrx_word' id='word_1_39' title='bbox 183 949 255 1010; x_wconf 90' lang='lat' dir='ltr'><strong>Inde</strong></span> <span class='ocrx_word' id='word_1_40' title='bbox 282 951 411 1010; x_wconf 90' lang='lat' dir='ltr'><strong>sumitur</strong></span> <span class='ocrx_word' id='word_1_41' title='bbox 434 948 557 1029; x_wconf 75' lang='lat' dir='ltr'>cyathus</span> <span class='ocrx_word' id='word_1_42' title='bbox 581 957 610 1010; x_wconf 91' lang='lat' dir='ltr'><strong>et</strong></span> <span class='ocrx_word' id='word_1_43' title='bbox 633 948 751 1011; x_wconf 90' lang='lat' dir='ltr'><strong>duobus</strong></span> <span class='ocrx_word' id='word_1_44' title='bbox 773 966 859 1009; x_wconf 85' lang='lat' dir='ltr'><strong>rosae</strong></span> <span class='ocrx_word' id='word_1_45' title='bbox 882 948 996 1029; x_wconf 76' lang='lat' dir='ltr'><strong>cyathis</strong></span> <span class='ocrx_word' id='word_1_46' title='bbox 1019 948 1094 1009; x_wconf 92' lang='lat' dir='ltr'><strong>hene</strong></span> <span class='ocrx_word' id='word_1_47' title='bbox 1118 968 1203 1009; x_wconf 91' lang='lat' dir='ltr'><strong>com·</strong></span> 
     </span>
     <span class='ocr_line' id='line_1_8' title="bbox 182 1036 1231 1118; baseline -0.007 -19"><span class='ocrx_word' id='word_1_48' title='bbox 182 1041 327 1100; x_wconf 88' lang='lat' dir='ltr'><strong>miscetur</strong></span> <span class='ocrx_word' id='word_1_49' title='bbox 359 1038 591 1117; x_wconf 81' lang='lat' dir='ltr'><strong>frequenterque</strong></span> <span class='ocrx_word' id='word_1_50' title='bbox 611 1046 746 1105; x_wconf 75' lang='lat' dir='ltr'><strong>¹curatur</strong></span> <span class='ocrx_word' id='word_1_51' title='bbox 772 1058 810 1099; x_wconf 84' lang='lat' dir='ltr'><strong>ex</strong></span> <span class='ocrx_word' id='word_1_52' title='bbox 838 1056 873 1098; x_wconf 89' lang='lat' dir='ltr'><strong>eo</strong></span> <span class='ocrx_word' id='word_1_53' title='bbox 901 1045 1004 1118; x_wconf 80' lang='lat' dir='ltr'><strong>caput3</strong></span> <span class='ocrx_word' id='word_1_54' title='bbox 1035 1036 1089 1098; x_wconf 91' lang='lat' dir='ltr'><strong>uhi</strong></span> <span class='ocrx_word' id='word_1_55' title='bbox 1117 1040 1231 1099; x_wconf 78' lang='lat' dir='ltr'><strong>enims</strong></span> 
     </span>
     <span class='ocr_line' id='line_1_9' title="bbox 183 1126 1202 1208; baseline 0 -21"><span class='ocrx_word' id='word_1_56' title='bbox 183 1126 308 1188; x_wconf 87' lang='lat' dir='ltr'><strong>incaluit</strong></span> <span class='ocrx_word' id='word_1_57' title='bbox 335 1127 414 1205; x_wconf 92' lang='lat' dir='ltr'><strong>quod</strong></span> <span class='ocrx_word' id='word_1_58' title='bbox 443 1126 575 1187; x_wconf 88' lang='lat' dir='ltr'><strong>inlusum</strong></span> <span class='ocrx_word' id='word_1_59' title='bbox 603 1135 663 1208; x_wconf 87' lang='lat' dir='ltr'><strong>est,</strong></span> <span class='ocrx_word' id='word_1_60' title='bbox 695 1129 755 1187; x_wconf 92' lang='lat' dir='ltr'><strong>nisi</strong></span> <span class='ocrx_word' id='word_1_61' title='bbox 781 1144 887 1187; x_wconf 91' lang='lat' dir='ltr'><strong>recens</strong></span> <span class='ocrx_word' id='word_1_62' title='bbox 915 1126 1072 1208; x_wconf 84' lang='lat' dir='ltr'><strong>adiciatur,</strong></span> <span class='ocrx_word' id='word_1_63' title='bbox 1099 1135 1202 1187; x_wconf 90' lang='lat' dir='ltr'><strong>nocet.</strong></span> 
     </span>
     <span class='ocr_line' id='line_1_10' title="bbox 148 1213 1201 1295; baseline -0.001 -18"><span class='ocrx_word' id='word_1_64' title='bbox 148 1215 259 1277; x_wconf 71' lang='lat' dir='ltr'><strong>eltem</strong></span> <span class='ocrx_word' id='word_1_65' title='bbox 285 1216 410 1295; x_wconf 91' lang='lat' dir='ltr'><strong>prodest</strong></span> <span class='ocrx_word' id='word_1_66' title='bbox 436 1215 540 1275; x_wconf 93' lang='lat' dir='ltr'><strong>eodem</strong></span> <span class='ocrx_word' id='word_1_67' title='bbox 568 1216 656 1276; x_wconf 91' lang='lat' dir='ltr'><strong>modo</strong></span> <span class='ocrx_word' id='word_1_68' title='bbox 684 1223 751 1276; x_wconf 90' lang='lat' dir='ltr'><strong>ruta</strong></span> <span class='ocrx_word' id='word_1_69' title='bbox 777 1234 832 1295; x_wconf 86' lang='lat' dir='ltr'><strong>per</strong></span> <span class='ocrx_word' id='word_1_70' title='bbox 854 1233 887 1275; x_wconf 92' lang='lat' dir='ltr'><strong>se</strong></span> <span class='ocrx_word' id='word_1_71' title='bbox 909 1213 956 1276; x_wconf 83' lang='lat' dir='ltr'><strong>vel</strong></span> <span class='ocrx_word' id='word_1_72' title='bbox 977 1234 1047 1275; x_wconf 90' lang='lat' dir='ltr'><strong>cum</strong></span> <span class='ocrx_word' id='word_1_73' title='bbox 1070 1214 1201 1276; x_wconf 78' lang='lat' dir='ltr'><strong>hederae</strong></span> 
     </span>
     <span class='ocr_line' id='line_1_11' title="bbox 183 1263 1297 1390; baseline -0.001 -25"><span class='ocrx_word' id='word_1_74' title='bbox 183 1303 266 1365; x_wconf 89' lang='lat' dir='ltr'><strong>hacis</strong></span> <span class='ocrx_word' id='word_1_75' title='bbox 294 1304 416 1365; x_wconf 92' lang='lat' dir='ltr'><strong>decocta</strong></span> <span class='ocrx_word' id='word_1_76' title='bbox 444 1312 474 1365; x_wconf 93' lang='lat' dir='ltr'><strong>et</strong></span> <span class='ocrx_word' id='word_1_77' title='bbox 502 1306 592 1381; x_wconf 84' lang='lat' dir='ltr'><strong>ospiti</strong></span> <span class='ocrx_word' id='word_1_78' title='bbox 621 1305 721 1383; x_wconf 92' lang='lat' dir='ltr'><strong>tepide</strong></span> <span class='ocrx_word' id='word_1_79' title='bbox 744 1305 849 1365; x_wconf 83' lang='lat' dir='ltr'><strong>infuso.</strong></span> <span class='ocrx_word' id='word_1_80' title='bbox 890 1303 1055 1384; x_wconf 83' lang='lat' dir='ltr'><strong>Polygonos</strong></span> <span class='ocrx_word' id='word_1_81' title='bbox 1077 1322 1201 1384; x_wconf 88' lang='lat' dir='ltr'><strong>quoque</strong></span> <span class='ocrx_word' id='word_1_82' title='bbox 1295 1263 1297 1390; x_wconf 61' lang='lat' dir='ltr'><strong>l</strong></span> 
     </span>
     <span class='ocr_line' id='line_1_12' title="bbox 184 1391 1295 1473; baseline 0 -20"><span class='ocrx_word' id='word_1_83' title='bbox 184 1392 289 1473; x_wconf 87' lang='lat' dir='ltr'><strong>herba,</strong></span> <span class='ocrx_word' id='word_1_84' title='bbox 317 1412 392 1472; x_wconf 92' lang='lat' dir='ltr'><strong>quae</strong></span> <span class='ocrx_word' id='word_1_85' title='bbox 419 1391 522 1453; x_wconf 79' lang='lat' dir='ltr'><strong>Latine</strong></span> <span class='ocrx_word' id='word_1_86' title='bbox 551 1395 740 1471; x_wconf 80' lang='lat' dir='ltr'><strong>sanguinaria</strong></span> <span class='ocrx_word' id='word_1_87' title='bbox 769 1394 893 1473; x_wconf 83' lang='lat' dir='ltr'><strong>dicitur,</strong></span> <span class='ocrx_word' id='word_1_88' title='bbox 916 1400 947 1453; x_wconf 88' lang='lat' dir='ltr'><strong>et</strong></span> <span class='ocrx_word' id='word_1_89' title='bbox 973 1400 1072 1454; x_wconf 81' lang='lat' dir='ltr'><strong>menta</strong></span> <span class='ocrx_word' id='word_1_90' title='bbox 1094 1392 1201 1453; x_wconf 90' lang='lat' dir='ltr'><strong>multis</strong></span> <span class='ocrx_word' id='word_1_91' title='bbox 1294 1393 1295 1400; x_wconf 74' lang='grc'>’</span> 
     </span>
     <span class='ocr_line' id='line_1_13' title="bbox 184 1419 1297 1561; baseline 0.001 -20"><span class='ocrx_word' id='word_1_92' title='bbox 184 1481 297 1560; x_wconf 86' lang='lat' dir='ltr'><strong>proluit</strong></span> <span class='ocrx_word' id='word_1_93' title='bbox 324 1481 427 1542; x_wconf 87' lang='lat' dir='ltr'><strong>eadem</strong></span> <span class='ocrx_word' id='word_1_94' title='bbox 454 1482 569 1542; x_wconf 87' lang='lat' dir='ltr'><strong>ratione</strong></span> <span class='ocrx_word' id='word_1_95' title='bbox 597 1481 721 1543; x_wconf 85' lang='lat' dir='ltr'><strong>decocta</strong></span> <span class='ocrx_word' id='word_1_96' title='bbox 749 1491 780 1543; x_wconf 90' lang='lat' dir='ltr'><strong>et</strong></span> <span class='ocrx_word' id='word_1_97' title='bbox 802 1483 893 1561; x_wconf 89' lang='lat' dir='ltr'><strong>capiti</strong></span> <span class='ocrx_word' id='word_1_98' title='bbox 915 1482 1021 1541; x_wconf 85' lang='lat' dir='ltr'><strong>inlusa.</strong></span> <span class='ocrx_word' id='word_1_99' title='bbox 1057 1480 1199 1542; x_wconf 85' lang='lat' dir='ltr'><strong>Dolorem</strong></span> <span class='ocrx_word' id='word_1_100' title='bbox 1214 1496 1242 1535; x_wconf 82' lang='lat'><strong>10</strong></span> <span class='ocrx_word' id='word_1_101' title='bbox 1294 1419 1297 1532; x_wconf 65' lang='lat' dir='ltr'><strong>l</strong></span> 
     </span>
     <span class='ocr_line' id='line_1_14' title="bbox 185 1535 1297 1682; baseline 0 -51"><span class='ocrx_word' id='word_1_102' title='bbox 185 1573 290 1651; x_wconf 89' lang='lat' dir='ltr'><strong>capitis</strong></span> <span class='ocrx_word' id='word_1_103' title='bbox 318 1570 396 1631; x_wconf 86' lang='lat' dir='ltr'><strong>levat</strong></span> <span class='ocrx_word' id='word_1_104' title='bbox 423 1569 590 1650; x_wconf 86' lang='lat' dir='ltr'><strong>slondylion</strong></span> <span class='ocrx_word' id='word_1_105' title='bbox 619 1578 649 1631; x_wconf 89' lang='lat' dir='ltr'><strong>et</strong></span> <span class='ocrx_word' id='word_1_106' title='bbox 677 1573 746 1649; x_wconf 83' lang='lat' dir='ltr'><strong>agni</strong></span> <span class='ocrx_word' id='word_1_107' title='bbox 773 1588 875 1631; x_wconf 89' lang='lat' dir='ltr'><strong>semen</strong></span> <span class='ocrx_word' id='word_1_108' title='bbox 902 1576 933 1630; x_wconf 90' lang='lat' dir='ltr'><strong>et</strong></span> <span class='ocrx_word' id='word_1_109' title='bbox 955 1570 1066 1649; x_wconf 90' lang='lat' dir='ltr'><strong>platani</strong></span> <span class='ocrx_word' id='word_1_110' title='bbox 1088 1569 1200 1649; x_wconf 73' lang='lat' dir='ltr'><strong>pilulae</strong></span> <span class='ocrx_word' id='word_1_111' title='bbox 1294 1535 1297 1682; x_wconf 56' lang='lat'><strong>⁴</strong></span> 
     </span>
     <span class='ocr_line' id='line_1_15' title="bbox 185 1658 1200 1740; baseline -0.001 -20"><span class='ocrx_word' id='word_1_112' title='bbox 185 1659 322 1721; x_wconf 90' lang='lat' dir='ltr'><strong>similiter</strong></span> <span class='ocrx_word' id='word_1_113' title='bbox 349 1666 432 1721; x_wconf 89' lang='lat' dir='ltr'><strong>aceto</strong></span> <span class='ocrx_word' id='word_1_114' title='bbox 460 1661 594 1720; x_wconf 90' lang='lat' dir='ltr'><strong>incoctae</strong></span> <span class='ocrx_word' id='word_1_115' title='bbox 622 1678 751 1740; x_wconf 91' lang='lat' dir='ltr'><strong>rosaque</strong></span> <span class='ocrx_word' id='word_1_116' title='bbox 778 1658 891 1739; x_wconf 81' lang='lat' dir='ltr'><strong>duplici</strong></span> <span class='ocrx_word' id='word_1_117' title='bbox 912 1676 1051 1719; x_wconf 88' lang='lat' dir='ltr'><strong>mensura</strong></span> <span class='ocrx_word' id='word_1_118' title='bbox 1074 1659 1200 1738; x_wconf 78' lang='lat' dir='ltr'><strong>simplae</strong></span> 
     </span>
     <span class='ocr_line' id='line_1_16' title="bbox 185 1699 1297 1829; baseline 0 -20"><span class='ocrx_word' id='word_1_119' title='bbox 185 1751 261 1809; x_wconf 89' lang='lat' dir='ltr'><strong>aceti</strong></span> <span class='ocrx_word' id='word_1_120' title='bbox 285 1751 457 1829; x_wconf 81' lang='lat' dir='ltr'><strong>commixta,</strong></span> <span class='ocrx_word' id='word_1_121' title='bbox 484 1750 573 1809; x_wconf 90' lang='lat' dir='ltr'><strong>sicuti</strong></span> <span class='ocrx_word' id='word_1_122' title='bbox 597 1757 627 1808; x_wconf 90' lang='lat' dir='ltr'><strong>et</strong></span> <span class='ocrx_word' id='word_1_123' title='bbox 649 1747 812 1828; x_wconf 82' lang='lat' dir='ltr'><strong>polygonos</strong></span> <span class='ocrx_word' id='word_1_124' title='bbox 839 1750 980 1827; x_wconf 90' lang='lat' dir='ltr'><strong>superius</strong></span> <span class='ocrx_word' id='word_1_125' title='bbox 1007 1748 1086 1808; x_wconf 90' lang='lat' dir='ltr'><strong>dicta</strong></span> <span class='ocrx_word' id='word_1_126' title='bbox 1108 1747 1200 1809; x_wconf 90' lang='lat' dir='ltr'><strong>dehet</strong></span> <span class='ocrx_word' id='word_1_127' title='bbox 1294 1699 1297 1826; x_wconf 64' lang='lat' dir='ltr'><strong>l</strong></span> 
     </span>
    </p>

    <p class='ocr_par' dir='ltr' id='par_1_5' title="bbox 146 1836 1295 2364">
     <span class='ocr_line' id='line_1_17' title="bbox 146 1836 1199 1917; baseline 0 -20"><span class='ocrx_word' id='word_1_128' title='bbox 146 1848 165 1897; x_wconf 82' lang='grc'><strong>3</strong></span> <span class='ocrx_word' id='word_1_129' title='bbox 185 1839 324 1917; x_wconf 83' lang='lat' dir='ltr'><strong>excoqui,</strong></span> <span class='ocrx_word' id='word_1_130' title='bbox 352 1836 382 1896; x_wconf 94' lang='lat' dir='ltr'><strong>id</strong></span> <span class='ocrx_word' id='word_1_131' title='bbox 406 1844 452 1897; x_wconf 92' lang='lat' dir='ltr'><strong>est</strong></span> <span class='ocrx_word' id='word_1_132' title='bbox 475 1854 509 1896; x_wconf 91' lang='lat' dir='ltr'><strong>ea</strong></span> <span class='ocrx_word' id='word_1_133' title='bbox 533 1854 609 1915; x_wconf 89' lang='lat' dir='ltr'><strong>quae</strong></span> <span class='ocrx_word' id='word_1_134' title='bbox 633 1839 821 1915; x_wconf 84' lang='lat' dir='ltr'><strong>sanguinaria</strong></span> <span class='ocrx_word' id='word_1_135' title='bbox 844 1837 963 1899; x_wconf 87' lang='lat' dir='ltr'><strong>dicitur.</strong></span> <span class='ocrx_word' id='word_1_136' title='bbox 1000 1836 1074 1897; x_wconf 85' lang='lat' dir='ltr'><strong>Cum</strong></span> <span class='ocrx_word' id='word_1_137' title='bbox 1098 1845 1199 1897; x_wconf 85' lang='lat' dir='ltr'><strong>nutem</strong></span> 
     </span>
     <span class='ocr_line' id='line_1_18' title="bbox 184 1923 1295 2006; baseline 0 -22"><span class='ocrx_word' id='word_1_138' title='bbox 184 1924 321 2003; x_wconf 91' lang='lat' dir='ltr'><strong>plurimis</strong></span> <span class='ocrx_word' id='word_1_139' title='bbox 345 1923 450 1984; x_wconf 89' lang='lat' dir='ltr'><strong>diehns</strong></span> <span class='ocrx_word' id='word_1_140' title='bbox 469 1927 611 1984; x_wconf 90' lang='lat' dir='ltr'><strong>manserit</strong></span> <span class='ocrx_word' id='word_1_141' title='bbox 630 1923 715 1985; x_wconf 92' lang='lat' dir='ltr'><strong>dolor</strong></span> <span class='ocrx_word' id='word_1_142' title='bbox 733 1926 848 2006; x_wconf 84' lang='lat' dir='ltr'><strong>capitis,</strong></span> <span class='ocrx_word' id='word_1_143' title='bbox 870 1933 936 1987; x_wconf 93' lang='lat' dir='ltr'><strong>tum</strong></span> <span class='ocrx_word' id='word_1_144' title='bbox 953 1926 1087 1986; x_wconf 92' lang='lat' dir='ltr'><strong>omnium</strong></span> <span class='ocrx_word' id='word_1_145' title='bbox 1106 1938 1239 2004; x_wconf 78' lang='lat' dir='ltr'><strong>supra1⁶</strong></span> <span class='ocrx_word' id='word_1_146' title='bbox 1294 1981 1295 1984; x_wconf 74' lang='grc'>,</span> 
     </span>
     <span class='ocr_line' id='line_1_19' title="bbox 185 2013 1200 2095; baseline 0.002 -22"><span class='ocrx_word' id='word_1_147' title='bbox 185 2013 332 2073; x_wconf 91' lang='lat' dir='ltr'><strong>dictorum</strong></span> <span class='ocrx_word' id='word_1_148' title='bbox 361 2019 478 2092; x_wconf 88' lang='lat' dir='ltr'><strong>oportet</strong></span> <span class='ocrx_word' id='word_1_149' title='bbox 506 2014 609 2073; x_wconf 88' lang='lat' dir='ltr'><strong>uncias</strong></span> <span class='ocrx_word' id='word_1_150' title='bbox 641 2013 772 2091; x_wconf 79' lang='lat' dir='ltr'><strong>singulas</strong></span> <span class='ocrx_word' id='word_1_151' title='bbox 801 2016 880 2075; x_wconf 92' lang='lat' dir='ltr'><strong>sumi</strong></span> <span class='ocrx_word' id='word_1_152' title='bbox 904 2015 1012 2095; x_wconf 88' lang='lat' dir='ltr'><strong>hisque</strong></span> <span class='ocrx_word' id='word_1_153' title='bbox 1039 2014 1200 2075; x_wconf 81' lang='lat' dir='ltr'><strong>admisceri</strong></span> 
     </span>
     <span class='ocr_line' id='line_1_20' title="bbox 184 2100 1199 2184; baseline 0.003 -23"><span class='ocrx_word' id='word_1_154' title='bbox 184 2101 261 2162; x_wconf 89' lang='lat' dir='ltr'><strong>lauri</strong></span> <span class='ocrx_word' id='word_1_155' title='bbox 283 2100 437 2181; x_wconf 90' lang='lat' dir='ltr'><strong>bacarum,</strong></span> <span class='ocrx_word' id='word_1_156' title='bbox 465 2102 605 2182; x_wconf 82' lang='lat' dir='ltr'><strong>castorei,</strong></span> <span class='ocrx_word' id='word_1_157' title='bbox 632 2120 744 2163; x_wconf 89' lang='lat' dir='ltr'><strong>nucum</strong></span> <span class='ocrx_word' id='word_1_158' title='bbox 768 2120 947 2184; x_wconf 86' lang='lat' dir='ltr'><strong>amararum,</strong></span> <span class='ocrx_word' id='word_1_159' title='bbox 973 2102 1070 2183; x_wconf 87' lang='lat' dir='ltr'><strong>pulei,</strong></span> <span class='ocrx_word' id='word_1_160' title='bbox 1094 2102 1199 2165; x_wconf 87' lang='lat' dir='ltr'><strong>sahuci</strong></span> 
     </span>
     <span class='ocr_line' id='line_1_21' title="bbox 184 2189 1197 2271; baseline 0.003 -21"><span class='ocrx_word' id='word_1_161' title='bbox 184 2190 323 2251; x_wconf 87' lang='lat' dir='ltr'><strong>loliorum</strong></span> <span class='ocrx_word' id='word_1_162' title='bbox 356 2190 459 2251; x_wconf 79' lang='lat' dir='ltr'><strong>uncias</strong></span> <span class='ocrx_word' id='word_1_163' title='bbox 492 2189 623 2267; x_wconf 79' lang='lat' dir='ltr'><strong>singulas</strong></span> <span class='ocrx_word' id='word_1_164' title='bbox 651 2198 682 2251; x_wconf 92' lang='lat' dir='ltr'><strong>et</strong></span> <span class='ocrx_word' id='word_1_165' title='bbox 708 2193 786 2252; x_wconf 85' lang='lat' dir='ltr'><strong>aceti</strong></span> <span class='ocrx_word' id='word_1_166' title='bbox 812 2194 950 2253; x_wconf 75' lang='lat' dir='ltr'><strong>sextariis</strong></span> <span class='ocrx_word' id='word_1_167' title='bbox 978 2200 1119 2271; x_wconf 88' lang='lat' dir='ltr'><strong>quattuor</strong></span> <span class='ocrx_word' id='word_1_168' title='bbox 1146 2192 1197 2253; x_wconf 77' lang='lat' dir='ltr'><strong>de</strong></span> 
     </span>
     <span class='ocr_line' id='line_1_22' title="bbox 184 2278 1197 2364; baseline 0.002 -25"><span class='ocrx_word' id='word_1_169' title='bbox 184 2297 314 2357; x_wconf 90' lang='lat' dir='ltr'><strong>coquere</strong></span> <span class='ocrx_word' id='word_1_170' title='bbox 333 2279 369 2339; x_wconf 95' lang='lat' dir='ltr'><strong>ad</strong></span> <span class='ocrx_word' id='word_1_171' title='bbox 388 2279 525 2339; x_wconf 91' lang='lat' dir='ltr'><strong>dimidias</strong></span> <span class='ocrx_word' id='word_1_172' title='bbox 539 2286 569 2339; x_wconf 89' lang='lat' dir='ltr'><strong>et</strong></span> <span class='ocrx_word' id='word_1_173' title='bbox 583 2278 687 2341; x_wconf 89' lang='lat' dir='ltr'><strong>eodem</strong></span> <span class='ocrx_word' id='word_1_174' title='bbox 704 2280 791 2341; x_wconf 89' lang='lat' dir='ltr'><strong>modo</strong></span> <span class='ocrx_word' id='word_1_175' title='bbox 805 2299 873 2341; x_wconf 86' lang='lat' dir='ltr'><strong>rosa</strong></span> <span class='ocrx_word' id='word_1_176' title='bbox 886 2281 1015 2342; x_wconf 84' lang='lat' dir='ltr'><strong>admixta</strong></span> <span class='ocrx_word' id='word_1_177' title='bbox 1029 2281 1197 2364; x_wconf 83' lang='lat' dir='ltr'><strong>dupliciter,</strong></span> 
     </span>
    </p>

    <p class='ocr_par' dir='ltr' id='par_1_6' title="bbox 146 2367 1236 2805">
     <span class='ocr_line' id='line_1_23' title="bbox 146 2367 1236 2449; baseline 0.006 -22"><span class='ocrx_word' id='word_1_178' title='bbox 146 2378 166 2426; x_wconf 84' lang='lat'>4</span> <span class='ocrx_word' id='word_1_179' title='bbox 185 2368 237 2428; x_wconf 92' lang='lat' dir='ltr'><strong>sed</strong></span> <span class='ocrx_word' id='word_1_180' title='bbox 260 2375 403 2428; x_wconf 76' lang='lat' dir='ltr'><strong>nontam</strong></span> <span class='ocrx_word' id='word_1_181' title='bbox 426 2367 600 2447; x_wconf 83' lang='lat' dir='ltr'><strong>frequenter</strong></span> <span class='ocrx_word' id='word_1_182' title='bbox 622 2375 712 2445; x_wconf 89' lang='lat' dir='ltr'><strong>capnt</strong></span> <span class='ocrx_word' id='word_1_183' title='bbox 735 2387 850 2430; x_wconf 87' lang='lat' dir='ltr'><strong>curare.</strong></span> <span class='ocrx_word' id='word_1_184' title='bbox 886 2370 931 2431; x_wconf 85' lang='lat' dir='ltr'><strong>Ad</strong></span> <span class='ocrx_word' id='word_1_185' title='bbox 954 2388 1072 2430; x_wconf 91' lang='lat' dir='ltr'><strong>omnem</strong></span> <span class='ocrx_word' id='word_1_186' title='bbox 1090 2372 1196 2449; x_wconf 86' lang='lat' dir='ltr'><strong>capitis</strong></span> <span class='ocrx_word' id='word_1_187' title='bbox 1209 2384 1236 2425; x_wconf 76' lang='lat'><strong>2⁰</strong></span> 
     </span>
     <span class='ocr_line' id='line_1_24' title="bbox 184 2454 1195 2539; baseline 0.002 -22"><span class='ocrx_word' id='word_1_188' title='bbox 184 2454 316 2517; x_wconf 92' lang='lat' dir='ltr'><strong>dolorem</strong></span> <span class='ocrx_word' id='word_1_189' title='bbox 349 2456 511 2518; x_wconf 84' lang='lat' dir='ltr'><strong>efficaciter</strong></span> <span class='ocrx_word' id='word_1_190' title='bbox 541 2456 666 2535; x_wconf 90' lang='lat' dir='ltr'><strong>prodest</strong></span> <span class='ocrx_word' id='word_1_191' title='bbox 696 2457 880 2517; x_wconf 88' lang='lat' dir='ltr'><strong>medicamen</strong></span> <span class='ocrx_word' id='word_1_192' title='bbox 912 2458 984 2519; x_wconf 86' lang='lat' dir='ltr'><strong>tale:</strong></span> <span class='ocrx_word' id='word_1_193' title='bbox 1022 2458 1195 2539; x_wconf 77' lang='lat' dir='ltr'><strong>Grocomag·</strong></span> 
     </span>
     <span class='ocr_line' id='line_1_25' title="bbox 184 2544 1195 2627; baseline 0.003 -22"><span class='ocrx_word' id='word_1_194' title='bbox 184 2547 333 2606; x_wconf 76' lang='lat' dir='ltr'><strong>matis-</strong></span> <span class='ocrx_word' id='word_1_195' title='bbox 353 2545 379 2627; x_wconf 87' lang='lat'><strong>1,</strong></span> <span class='ocrx_word' id='word_1_196' title='bbox 407 2544 546 2607; x_wconf 89' lang='lat' dir='ltr'><strong>aluminis</strong></span> <span class='ocrx_word' id='word_1_197' title='bbox 573 2546 661 2605; x_wconf 89' lang='lat' dir='ltr'><strong>scissi</strong></span> <span class='ocrx_word' id='word_1_198' title='bbox 687 2544 734 2605; x_wconf 82' lang='lat' dir='ltr'><strong>vel</strong></span> <span class='ocrx_word' id='word_1_199' title='bbox 757 2545 849 2625; x_wconf 80' lang='lat' dir='ltr'><strong>gallae</strong></span> <span class='ocrx_word' id='word_1_200' title='bbox 869 2579 910 2591; x_wconf 92' lang='lat'><strong>-··</strong></span> <span class='ocrx_word' id='word_1_201' title='bbox 929 2546 956 2627; x_wconf 89' lang='lat' dir='ltr'><strong>l,</strong></span> <span class='ocrx_word' id='word_1_202' title='bbox 982 2545 1056 2607; x_wconf 92' lang='lat' dir='ltr'><strong>haec</strong></span> <span class='ocrx_word' id='word_1_203' title='bbox 1078 2550 1137 2608; x_wconf 90' lang='lat' dir='ltr'><strong>teri</strong></span> <span class='ocrx_word' id='word_1_204' title='bbox 1159 2567 1195 2609; x_wconf 85' lang='lat' dir='ltr'><strong>er</strong></span> 
     </span>
     <span class='ocr_line' id='line_1_26' title="bbox 184 2633 1195 2715; baseline 0.002 -20"><span class='ocrx_word' id='word_1_205' title='bbox 184 2637 247 2696; x_wconf 88' lang='lat' dir='ltr'><strong>acri</strong></span> <span class='ocrx_word' id='word_1_206' title='bbox 270 2642 353 2696; x_wconf 88' lang='lat' dir='ltr'><strong>aceto</strong></span> <span class='ocrx_word' id='word_1_207' title='bbox 377 2643 408 2695; x_wconf 93' lang='lat' dir='ltr'><strong>et</strong></span> <span class='ocrx_word' id='word_1_208' title='bbox 430 2653 498 2696; x_wconf 90' lang='lat' dir='ltr'><strong>rosa</strong></span> <span class='ocrx_word' id='word_1_209' title='bbox 520 2633 648 2712; x_wconf 89' lang='lat' dir='ltr'><strong>duplicis</strong></span> <span class='ocrx_word' id='word_1_210' title='bbox 666 2634 808 2713; x_wconf 89' lang='lat' dir='ltr'><strong>ponderis</strong></span> <span class='ocrx_word' id='word_1_211' title='bbox 826 2637 957 2696; x_wconf 86' lang='lat' dir='ltr'><strong>vicissim</strong></span> <span class='ocrx_word' id='word_1_212' title='bbox 975 2636 1089 2697; x_wconf 86' lang='lat' dir='ltr'><strong>adiecta</strong></span> <span class='ocrx_word' id='word_1_213' title='bbox 1108 2654 1195 2715; x_wconf 88' lang='lat' dir='ltr'><strong>opor-</strong></span> 
     </span>
     <span class='ocr_line' id='line_1_27' title="bbox 184 2720 1194 2805; baseline 0.002 -21"><span class='ocrx_word' id='word_1_214' title='bbox 184 2731 242 2805; x_wconf 88' lang='lat' dir='ltr'><strong>tet,</strong></span> <span class='ocrx_word' id='word_1_215' title='bbox 270 2742 365 2802; x_wconf 91' lang='lat' dir='ltr'><strong>usque</strong></span> <span class='ocrx_word' id='word_1_216' title='bbox 393 2722 464 2783; x_wconf 93' lang='lat' dir='ltr'><strong>dum</strong></span> <span class='ocrx_word' id='word_1_217' title='bbox 492 2721 588 2782; x_wconf 89' lang='lat' dir='ltr'><strong>mellis</strong></span> <span class='ocrx_word' id='word_1_218' title='bbox 615 2720 744 2783; x_wconf 87' lang='lat' dir='ltr'><strong>habeant</strong></span> <span class='ocrx_word' id='word_1_219' title='bbox 767 2725 992 2802; x_wconf 86' lang='lat' dir='ltr'><strong>spissitudinem</strong></span> <span class='ocrx_word' id='word_1_220' title='bbox 1014 2732 1103 2803; x_wconf 85' lang='lat' dir='ltr'><strong>atque</strong></span> <span class='ocrx_word' id='word_1_221' title='bbox 1126 2724 1194 2787; x_wconf 92' lang='lat' dir='ltr'><strong>inde</strong></span> 
     </span>
    </p>

    <p class='ocr_par' dir='ltr' id='par_1_7' title="bbox 147 2810 1294 3163">
     <span class='ocr_line' id='line_1_28' title="bbox 147 2810 1232 2895; baseline 0.005 -26"><span class='ocrx_word' id='word_1_222' title='bbox 147 2820 165 2869; x_wconf 81' lang='lat' dir='ltr'><strong>o</strong></span> <span class='ocrx_word' id='word_1_223' title='bbox 184 2812 312 2872; x_wconf 87' lang='lat' dir='ltr'><strong>frontem</strong></span> <span class='ocrx_word' id='word_1_224' title='bbox 333 2818 363 2871; x_wconf 93' lang='lat' dir='ltr'><strong>et</strong></span> <span class='ocrx_word' id='word_1_225' title='bbox 380 2813 531 2889; x_wconf 88' lang='lat' dir='ltr'><strong>utrimque</strong></span> <span class='ocrx_word' id='word_1_226' title='bbox 551 2817 683 2887; x_wconf 93' lang='lat' dir='ltr'><strong>tempora</strong></span> <span class='ocrx_word' id='word_1_227' title='bbox 703 2810 846 2873; x_wconf 88' lang='lat' dir='ltr'><strong>oblinere.</strong></span> <span class='ocrx_word' id='word_1_228' title='bbox 875 2812 920 2873; x_wconf 84' lang='lat' dir='ltr'><strong>Ad</strong></span> <span class='ocrx_word' id='word_1_229' title='bbox 934 2814 1040 2892; x_wconf 91' lang='lat' dir='ltr'><strong>capitis</strong></span> <span class='ocrx_word' id='word_1_230' title='bbox 1054 2812 1194 2895; x_wconf 75' lang='lat' dir='ltr'><strong>dolorem,</strong></span> <span class='ocrx_word' id='word_1_231' title='bbox 1208 2828 1232 2869; x_wconf 74' lang='lat'><strong>2⁵</strong></span> 
     </span>
     <span class='ocr_line' id='line_1_29' title="bbox 185 2896 1193 2983; baseline 0.001 -23"><span class='ocrx_word' id='word_1_232' title='bbox 185 2918 252 2960; x_wconf 93' lang='lat' dir='ltr'><strong>cum</strong></span> <span class='ocrx_word' id='word_1_233' title='bbox 275 2901 493 2978; x_wconf 88' lang='lat' dir='ltr'><strong>inveteraverit,</strong></span> <span class='ocrx_word' id='word_1_234' title='bbox 516 2897 592 2957; x_wconf 91' lang='lat' dir='ltr'><strong>hene</strong></span> <span class='ocrx_word' id='word_1_235' title='bbox 616 2896 686 2958; x_wconf 89' lang='lat' dir='ltr'><strong>lacit</strong></span> <span class='ocrx_word' id='word_1_236' title='bbox 708 2897 781 2960; x_wconf 87' lang='lat' dir='ltr'><strong>haec</strong></span> <span class='ocrx_word' id='word_1_237' title='bbox 802 2904 982 2981; x_wconf 84' lang='lat' dir='ltr'><strong>conpositio:</strong></span> <span class='ocrx_word' id='word_1_238' title='bbox 1004 2900 1193 2983; x_wconf 80' lang='lat' dir='ltr'><strong>llyrraelll,</strong></span> 
     </span>
     <span class='ocr_line' id='line_1_30' title="bbox 184 2983 1191 3071; baseline 0.003 -23"><span class='ocrx_word' id='word_1_239' title='bbox 184 2989 266 3048; x_wconf 89' lang='lat' dir='ltr'><strong>croci</strong></span> <span class='ocrx_word' id='word_1_240' title='bbox 285 2986 310 3047; x_wconf 78' lang='lat' dir='ltr'><strong>li</strong></span> <span class='ocrx_word' id='word_1_241' title='bbox 328 2985 369 3067; x_wconf 85' lang='lat' dir='ltr'><strong>ll,</strong></span> <span class='ocrx_word' id='word_1_242' title='bbox 396 2983 613 3065; x_wconf 80' lang='lat' dir='ltr'><strong>amygdalarum</strong></span> <span class='ocrx_word' id='word_1_243' title='bbox 638 2984 723 3066; x_wconf 81' lang='lat' dir='ltr'><strong>llll,</strong></span> <span class='ocrx_word' id='word_1_244' title='bbox 749 2997 835 3050; x_wconf 90' lang='lat' dir='ltr'><strong>rutae</strong></span> <span class='ocrx_word' id='word_1_245' title='bbox 863 2990 967 3051; x_wconf 86' lang='lat' dir='ltr'><strong>viridis</strong></span> <span class='ocrx_word' id='word_1_246' title='bbox 991 2989 1088 3071; x_wconf 71' lang='lat' dir='ltr'><strong>xiil,</strong></span> <span class='ocrx_word' id='word_1_247' title='bbox 1117 2990 1191 3051; x_wconf 92' lang='lat' dir='ltr'><strong>slon-</strong></span> 
     </span>
     <span class='ocr_line' id='line_1_31' title="bbox 184 3027 1294 3162; baseline 0.005 -27"><span class='ocrx_word' id='word_1_248' title='bbox 184 3075 256 3156; x_wconf 93' lang='lat' dir='ltr'><strong>dylii</strong></span> <span class='ocrx_word' id='word_1_249' title='bbox 270 3082 300 3135; x_wconf 93' lang='lat' dir='ltr'><strong>et</strong></span> <span class='ocrx_word' id='word_1_250' title='bbox 313 3076 433 3154; x_wconf 88' lang='lat' dir='ltr'><strong>panacis</strong></span> <span class='ocrx_word' id='word_1_251' title='bbox 447 3073 473 3133; x_wconf 80' lang='lat' dir='ltr'><strong>li</strong></span> <span class='ocrx_word' id='word_1_252' title='bbox 488 3073 629 3154; x_wconf 78' lang='lat' dir='ltr'><strong>singulos,</strong></span> <span class='ocrx_word' id='word_1_253' title='bbox 643 3073 720 3136; x_wconf 91' lang='lat' dir='ltr'><strong>lauri</strong></span> <span class='ocrx_word' id='word_1_254' title='bbox 734 3075 875 3139; x_wconf 88' lang='lat' dir='ltr'><strong>bacarum</strong></span> <span class='ocrx_word' id='word_1_255' title='bbox 889 3078 973 3160; x_wconf 64' lang='lat' dir='ltr'><strong>illl,</strong></span> <span class='ocrx_word' id='word_1_256' title='bbox 988 3078 1111 3159; x_wconf 89' lang='lat' dir='ltr'><strong>serpulli</strong></span> <span class='ocrx_word' id='word_1_257' title='bbox 1125 3078 1192 3162; x_wconf 74' lang='lat' dir='ltr'><strong>xli,</strong></span> <span class='ocrx_word' id='word_1_258' title='bbox 1288 3027 1294 3130; x_wconf 66' lang='lat' dir='ltr'><strong>l</strong></span> 
     </span>
    </p>
   </div>
   <div class='ocr_carea' id='block_1_4' title="bbox 182 3243 1192 3586">
    <p class='ocr_par' dir='ltr' id='par_1_8' title="bbox 182 3243 1192 3586">
     <span class='ocr_line' id='line_1_32' title="bbox 255 3243 1192 3320; baseline 0.006 -21"><span class='ocrx_word' id='word_1_259' title='bbox 255 3244 399 3299; x_wconf 77' lang='lat' dir='ltr'><strong>tduobus</strong></span> <span class='ocrx_word' id='word_1_260' title='bbox 412 3259 493 3299; x_wconf 82' lang='lat' dir='ltr'><strong>rosae</strong></span> <span class='ocrx_word' id='word_1_261' title='bbox 508 3243 617 3314; x_wconf 78' lang='lat' dir='ltr'><strong>cyathis</strong></span> <span class='ocrx_word' id='word_1_262' title='bbox 632 3262 681 3300; x_wconf 86' lang='lat' dir='ltr'><strong>om.</strong></span> <span class='ocrx_word' id='word_1_263' title='bbox 745 3265 817 3318; x_wconf 86' lang='lat' dir='ltr'><strong>pene</strong></span> <span class='ocrx_word' id='word_1_264' title='bbox 832 3248 1039 3305; x_wconf 83' lang='lat' dir='ltr'><strong>commiscetur.</strong></span> <span class='ocrx_word' id='word_1_265' title='bbox 1112 3255 1192 3320; x_wconf 78' lang='lat' dir='ltr'><strong>&#39;lper</strong></span> 
     </span>
     <span class='ocr_line' id='line_1_33' title="bbox 184 3314 1191 3386; baseline 0.006 -17"><span class='ocrx_word' id='word_1_266' title='bbox 184 3332 214 3371; x_wconf 88' lang='lat' dir='ltr'><strong>se</strong></span> <span class='ocrx_word' id='word_1_267' title='bbox 228 3332 278 3371; x_wconf 88' lang='lat' dir='ltr'><strong>om.</strong></span> <span class='ocrx_word' id='word_1_268' title='bbox 326 3319 359 3369; x_wconf 91' lang='lat'><strong>10</strong></span> <span class='ocrx_word' id='word_1_269' title='bbox 378 3314 473 3386; x_wconf 82' lang='lat' dir='ltr'><strong>tepide</strong></span> <span class='ocrx_word' id='word_1_270' title='bbox 491 3322 554 3371; x_wconf 84' lang='lat' dir='ltr'><strong>cote</strong></span> <span class='ocrx_word' id='word_1_271' title='bbox 575 3315 668 3372; x_wconf 79' lang='lat' dir='ltr'><strong>infusa</strong></span> <span class='ocrx_word' id='word_1_272' title='bbox 687 3320 751 3374; x_wconf 81' lang='lat' dir='ltr'><strong>odd.</strong></span> <span class='ocrx_word' id='word_1_273' title='bbox 771 3320 933 3376; x_wconf 71' lang='lat' dir='ltr'><strong>nonarius.</strong></span> <span class='ocrx_word' id='word_1_274' title='bbox 981 3326 1014 3375; x_wconf 90' lang='lat'><strong>11</strong></span> <span class='ocrx_word' id='word_1_275' title='bbox 1033 3320 1191 3375; x_wconf 84' lang='lat' dir='ltr'><strong>sfondilion.</strong></span> 
     </span>
     <span class='ocr_line' id='line_1_34' title="bbox 182 3387 1191 3457; baseline 0.007 -16"><span class='ocrx_word' id='word_1_276' title='bbox 182 3388 297 3457; x_wconf 85' lang='lat' dir='ltr'><strong>hyegni.</strong></span> <span class='ocrx_word' id='word_1_277' title='bbox 371 3388 404 3440; x_wconf 79' lang='lat'><strong>12</strong></span> <span class='ocrx_word' id='word_1_278' title='bbox 427 3403 492 3443; x_wconf 84' lang='lat' dir='ltr'><strong>rose</strong></span> <span class='ocrx_word' id='word_1_279' title='bbox 510 3403 622 3457; x_wconf 89' lang='lat' dir='ltr'><strong>quoque</strong></span> <span class='ocrx_word' id='word_1_280' title='bbox 643 3387 801 3447; x_wconf 61' lang='lat' dir='ltr'><strong>montem</strong></span> <span class='ocrx_word' id='word_1_281' title='bbox 866 3390 976 3447; x_wconf 81' lang='lat' dir='ltr'><strong>simblo.</strong></span> <span class='ocrx_word' id='word_1_282' title='bbox 1059 3398 1091 3447; x_wconf 80' lang='lat'><strong>13</strong></span> <span class='ocrx_word' id='word_1_283' title='bbox 1110 3392 1191 3448; x_wconf 89' lang='lat' dir='ltr'><strong>dioto.</strong></span> 
     </span>
     <span class='ocr_line' id='line_1_35' title="bbox 185 3458 1191 3533; baseline 0.006 -21"><span class='ocrx_word' id='word_1_284' title='bbox 185 3462 219 3512; x_wconf 82' lang='lat'><strong>14</strong></span> <span class='ocrx_word' id='word_1_285' title='bbox 238 3473 390 3525; x_wconf 88' lang='lat' dir='ltr'><strong>exquoqne.</strong></span> <span class='ocrx_word' id='word_1_286' title='bbox 464 3464 497 3513; x_wconf 82' lang='grc'><strong>17</strong></span> <span class='ocrx_word' id='word_1_287' title='bbox 515 3458 644 3514; x_wconf 83' lang='lat' dir='ltr'><strong>nochum.</strong></span> <span class='ocrx_word' id='word_1_288' title='bbox 718 3466 752 3515; x_wconf 79' lang='lat'><strong>21</strong></span> <span class='ocrx_word' id='word_1_289' title='bbox 768 3461 975 3518; x_wconf 79' lang='lat' dir='ltr'><strong>erocoacmntis.</strong></span> <span class='ocrx_word' id='word_1_290' title='bbox 1049 3468 1083 3517; x_wconf 78' lang='grc'><strong>27</strong></span> <span class='ocrx_word' id='word_1_291' title='bbox 1099 3479 1191 3533; x_wconf 76' lang='lat' dir='ltr'><strong>amyg-</strong></span> 
     </span>
     <span class='ocr_line' id='line_1_36' title="bbox 183 3526 664 3586; baseline 0 -2"><span class='ocrx_word' id='word_1_292' title='bbox 183 3526 312 3584; x_wconf 75' lang='lat' dir='ltr'><strong>dalarum</strong></span> <span class='ocrx_word' id='word_1_293' title='bbox 329 3544 485 3583; x_wconf 79' lang='lat' dir='ltr'><strong>amemrnm</strong></span> <span class='ocrx_word' id='word_1_294' title='bbox 505 3529 664 3586; x_wconf 76' lang='lat' dir='ltr'><strong>Oorocrine.</strong></span> 
     </span>
    </p>
   </div>
   <div class='ocr_carea' id='block_1_5' title="bbox 0 0 1310 4017">
    <p class='ocr_par' dir='ltr' id='par_1_9' title="bbox 0 0 1310 4017">
     <span class='ocr_line' id='line_1_37' title="bbox 0 0 1310 4017; baseline 0 0"><span class='ocrx_word' id='word_1_295' title='bbox 0 0 1310 4017; x_wconf 95' lang='lat' dir='ltr'><strong> </strong></span> 
     </span>
    </p>
   </div>
  </div>
 </body>
</html>
