2609 4017
542 182 762 245 „91..

130 346 272 422 gummis
296 343 322 403 X
341 344 353 404 I
373 344 401 404 8.
443 343 522 405 Haec
546 353 634 405 tunsa
658 353 688 405 et
710 344 839 405 cribrata
863 362 931 405 cum
956 346 1023 405 rino
1047 348 1158 424 optimo

129 443 222 493 teres
247 439 336 511 atque
359 433 429 494 inde
448 433 569 513 collyria
592 433 743 495 formabis.
781 433 909 504 Quidam
932 433 1066 494 adiciunt
1087 434 1158 495 huic

131 521 265 601 collyrio
294 524 426 601 viperam
455 524 563 583 siccam
591 530 622 583 et
645 524 804 584 arefactam
828 522 904 584 bene
927 524 959 582 in
982 522 1058 603 sole,
1085 532 1157 584 lam·

132 629 231 689 quam
260 612 287 671 si
310 614 349 671 sit
372 610 472 693 salita,
495 611 572 672 banc
596 629 667 689 ergo
690 614 716 672 si
739 612 869 673 volueris
891 611 1018 694 adicere,
1041 630 1158 672 exossa-

98 698 187 759 cbis
211 702 297 779 prius
321 707 351 761 et
373 699 494 761 linteolo
517 700 648 761 involves
673 707 761 780 atque
784 704 825 761 ita
848 719 939 780 super
962 719 1026 762 eam
1048 703 1158 781 unum,

132 789 220 849 unde
245 788 401 869 collyrium
423 789 481 849 hoc
500 789 727 869 temperandum
746 798 802 870 est,
824 789 979 869 defundes,
1002 791 1055 851 sed
1073 792 1158 869 prius

133 896 205 938 eam
229 880 273 938 sio
297 878 514 959 praecantabis,
541 898 579 939 ne
607 878 748 939 lacrImus
775 888 874 960 exeat,
901 897 939 939 ne
970 878 1096 959 extillet,
1119 897 1156 940 ne

133 974 256 1027 noceat.
293 959 379 1027 Dices
404 976 516 1029 autern:
542 966 697 1038 Quomodo
722 975 754 1027 tu
777 986 837 1028 non
861 967 952 1048 rides,
975 970 1019 1028 sio
1038 977 1068 1028 et
1086 975 1157 1028 tuus

134 1073 233 1116 sucus
262 1062 397 1134 gustatus
425 1056 500 1117 nulli
529 1066 648 1137 noceat,
677 1056 729 1116 sed
754 1055 892 1137 obrem,
919 1065 1042 1135 propter
1068 1075 1156 1135 quam

88 1162 118 1203 io
135 1144 256 1205 adiecta
287 1162 333 1225 es,
363 1146 500 1223 proficias
534 1145 609 1206 bene
642 1146 796 1205 curatione
828 1163 945 1224 precor.
991 1144 1211 1225 Collyriumtoo

134 1232 288 1312 liquidum
312 1233 580 1295 delacrimalorium
602 1236 711 1312 accipit
728 1233 814 1295 haec:
838 1233 1028 1294 Chelidoniae
1046 1232 1157 1294 herbae

134 1324 207 1383 suoi
226 1322 252 1382 X
268 1322 296 1401 S,
316 1322 411 1383 melIIs
429 1324 520 1384 Attici
535 1323 597 1404 XI,
616 1322 799 1402 opobalsami
817 1322 842 1382 X
858 1322 887 1402 S,
907 1325 970 1383 suci
989 1322 1111 1401 porriX
1128 1322 1157 1383 8.

135 1410 221 1472 Ilaec
240 1414 331 1471 mixta
351 1411 387 1471 de
402 1414 467 1492 ipso
483 1431 555 1473 suco
576 1411 699 1491 colIIges
718 1411 765 1472 vel
783 1412 820 1472 de
839 1430 915 1491 aqua
934 1411 1054 1472 fontana
1068 1420 1157 1491 atque

136 1502 181 1559 ite
210 1499 330 1579 collyria
345 1498 508 1562 formabis,
556 1500 717 1581 Collyrium
745 1503 859 1561 sfocum
887 1498 1208 1561 oculissiccandis201

91 1608 121 1649 15
137 1588 215 1649 utile
234 1589 392 1650 coniicitur
411 1592 468 1651 sle:
492 1589 628 1651 Cadmiae
648 1588 711 1669 XI,
729 1592 808 1650 aeris
827 1590 887 1648 usti
905 1588 931 1647 X
950 1587 971 1669 I,
990 1588 1073 1648 stibii
1091 1588 1156 1668 XI,

136 1676 250 1737 adicies
268 1678 338 1738 huic
357 1677 488 1761 collyrio,
511 1681 538 1740 si
557 1682 656 1739 acrius
674 1677 747 1739 illud
766 1679 865 1738 facere
884 1676 1022 1756 volueris,
1047 1683 1157 1737 stactes

137 1766 165 1826 X
185 1766 206 1825 8
230 1775 260 1827 et
283 1766 392 1827 tundes
415 1776 505 1847 atque
530 1766 678 1828 cribrabis
704 1786 759 1845 per
786 1766 996 1827 tenuissimum
1023 1764 1156 1826 cribrum

137 1864 169 1915 et
198 1858 241 1916 sic
269 1856 391 1935 pulvere
418 1858 522 1917 uteris.
568 1856 655 1917 Aliud
685 1858 799 1917 siccum
827 1854 982 1933 collyrium
1010 1854 1045 1914 ad
1074 1854 1209 1915 idoneor

138 1944 246 2005 efficax
264 1947 321 2005 sic:
345 1944 483 2006 Cadmiae
503 1945 529 2005 X
548 1944 621 2025 VIII,
641 1944 711 2005 salis
730 1946 906 2006 ammoniaci
924 1943 949 2003 X
965 1942 1026 2024 VII,
1044 1945 1157 2023 piperis

91 2052 121 2093 eo
137 2032 163 2093 X
179 2032 212 2114 V,
231 2036 327 2094 casiae
347 2034 372 2093 X
391 2034 422 2095 V.
462 2034 582 2095 'fundes
606 2035 680 2095 haec
703 2043 792 2115 atque
816 2036 847 2094 in
870 2032 1022 2113 pulverem
1045 2034 1157 2094 tenuis·

138 2126 248 2183 simum
278 2123 397 2202 rediges
426 2131 456 2183 et
483 2126 526 2184 sic
550 2125 654 2184 uteris.
701 2123 863 2203 Collyrium
886 2124 998 2182 siccum
1022 2121 1209 2182 callible-tot

137 2212 252 2291 pharon
272 2213 429 2272 conficitur
449 2214 508 2273 sic:
532 2211 621 2273 Stibii
639 2212 779 2273 conbusti
796 2211 822 2271 X
838 2211 859 2292 I,
877 2213 990 2290 piperis
1009 2210 1067 2271 albi
1085 2209 1111 2270 X
1127 2210 1156 2291 8,

136 2299 202 2361 folii
225 2299 388 2381 capilulum
411 2320 514 2381 unum,
539 2302 661 2362 stibium
685 2300 834 2362 conbures
858 2308 889 2360 et
912 2300 983 2360 lotio
1003 2302 1091 2378 pueri
1113 2301 1156 2358 in-

136 2388 228 2468 pubis
256 2392 413 2468 ertingues
443 2399 473 2451 el
496 2390 622 2451 siccabis
652 2399 683 2451 et
705 2390 814 2451 tundes
837 2398 868 2450 et
891 2388 1036 2449 cribrabis
1059 2396 1090 2448 et
1113 2390 1156 2448 sic

93 2498 123 2538 es
136 2480 244 2539 uteris.
277 2477 438 2558 Collyrium
457 2479 488 2539 di
502 2498 577 2540 ortis
597 2479 632 2539 ad
653 2478 854 2559 aspritudines
873 2477 1029 2537 oculorum
1048 2475 1211 2536 tollen-204

138 2568 191 2627 das
216 2568 387 2629 conficitur:
425 2567 562 2629 Cadmiae
586 2567 699 2648 XXII,
723 2570 801 2627 aeris
824 2567 885 2625 usti
907 2564 933 2624 X
952 2563 992 2644 X,
1013 2564 1156 2625 haemati-

136 2658 178 2715 tis
201 2655 227 2715 X
246 2655 279 2737 V,
301 2674 418 2737 myrrae
442 2655 548 2737 XIIII,
567 2659 696 2735 gummis
715 2655 741 2716 X
759 2652 819 2714 Vll.
856 2652 935 2713 Haec
954 2652 1156 2731 inpuberem

136 2744 260 2805 redacta
283 2753 366 2806 aceto
390 2747 502 2824 optImo
526 2745 649 2824 coIIIges
678 2751 708 2804 et
731 2743 838 2804 deinde
861 2740 984 2821 collyria¹
1005 2740 1156 2801 formabis.

137 2832 301 2911 Collyrium
324 2842 451 2894 stantum
470 2836 580 2913 accipIt
597 2834 686 2894 haee:
709 2833 824 2911 PIperis
844 2830 903 2891 albi
922 2830 948 2890 X
967 2829 1002 2910 II,
1021 2830 1210 2891 cadmiaetoo

94 2920 164 2981 aoX
184 2921 235 2982 Vll
254 2922 283 3003 8,
307 2940 448 2983 cerussae
472 2922 497 2983 X
516 2922 541 2981 V
561 2923 590 2998 S,
613 2922 709 2983 Indici
732 2920 800 2981 XV
820 2920 853 3002 8,
876 2920 1057 2999 opobalsami
1080 2919 1106 2979 X
1127 2919 1156 2999 8,

136 3014 266 3089 gummis
289 3010 408 3072 XVIII.
454 3011 534 3073 Haec
562 3014 593 3072 in
619 3012 773 3090 pulverem
797 3010 916 3071 redacta
939 3009 1065 3070 Falerno
1088 3011 1156 3069 vino

136 3100 319 3180 temperabis
337 3109 367 3162 et
381 3100 512 3180 colliges.
547 3100 708 3179 Collyrium
722 3100 924 3179 diapsorieunr
938 3100 1048 3177 achpit
1066 3098 1210 3158 haec:·206

142 3188 256 3268 Piperis
270 3190 329 3251 albi
343 3189 369 3250 X
385 3190 407 3269 I,
422 3193 503 3251 croci
519 3189 612 3250 Siculi
626 3188 652 3248 X
668 3189 690 3269 l,
704 3206 821 3269 myrrae
836 3186 906 3267 XII,
921 3187 1010 3247 amuli
1024 3185 1081 3265 XI,
1096 3188 1156 3264 opii

137 3277 163 3337 X
179 3278 209 3357 8,
228 3279 409 3358 opobalsami
423 3278 449 3338 X
465 3278 493 3359 8,
514 3280 642 3357 gummis
658 3276 733 3338 XII.
765 3277 847 3357 Aqua
867 3275 987 3355 pluviali
1006 3275 1078 3333 haec
1098 3273 1156 3334 col·

96 3384 123 3425 es
137 3366 211 3446 liges
222 3375 310 3429 tunsa
320 3376 409 3447 atque
421 3367 549 3429 cribrata
561 3375 650 3447 atque
661 3366 730 3427 inde
743 3365 862 3445 collyria
874 3366 973 3424 facies
992 3361 1209 3441 Collyriumto'l
1271 3402 1274 3415 ·

209 3563 226 3611 4
244 3556 348 3617 sellilu.
422 3562 456 3611 16
475 3557 580 3611 stactes
598 3554 625 3609 X
644 3554 675 3627 8]
696 3555 803 3609 eiectos
822 3553 855 3609 V.
927 3558 960 3606 31
980 3551 1104 3621 pulvere.
