2609 4017
567 206 603 215 —
653 170 808 235 206-

122 347 156 395 90
266 331 309 391 Ad
334 331 529 409 digestionem
549 333 723 411 parandam:
746 332 878 412 iuniperi
896 333 1038 394 bacarum
1058 332 1199 393 enuclea·

175 427 273 481 tarum
293 427 322 480 et
341 420 501 499 zingiberis
520 428 550 481 et
568 421 736 499 petrosilini
753 421 937 482 Macedonici
956 429 988 482 et
1005 423 1121 501 piperis
1140 440 1199 482 nn·

175 511 237 569 cias
256 508 395 588 singulas,
414 509 510 569 mellis
528 509 635 570 libram
654 529 753 572 unam.
785 510 867 581 Quae
887 518 957 571 sunt
975 512 1065 590 sicca,
1084 510 1198 571 tundes

175 597 220 657 vel
248 606 327 658 teres
356 605 386 658 et
414 598 559 659 cribrabis
586 598 758 680 diligenter,
785 607 890 677 postea
918 600 975 660 mel
999 608 1134 678 coctum,
1165 599 1196 659 id

175 695 220 747 est
233 686 450 766 despumatum,
470 687 649 749 admiscebis
664 696 694 748 et
709 689 804 748 uteris
819 687 1013 749 medicamine
1028 696 1060 748 et
1073 690 1194 748 ieiunus
1208 705 1227 744 s
1294 663 1296 742 l

175 783 292 853 etpost
311 793 415 835 cenam
434 793 488 853 per
507 775 640 838 cocleare
660 785 782 857 accepto
801 784 945 856 quantum
965 779 1005 837 sit
1017 776 1193 856 magnitudo

175 862 323 924 avellanae
348 865 477 925 maioris.
1294 845 1295 916 l

121 968 154 1017 91
263 952 307 1013 Ad
331 953 476 1013 stomachi
499 953 632 1014 dolorem
655 956 687 1014 in
710 957 824 1033 impetu
847 954 1062 1015 cohibendum:
1088 951 1194 1014 Pomo·
1295 997 1297 1042 ,

175 1059 241 1101 rum
266 1042 467 1120 cydoneorum
491 1050 590 1103 cutem
614 1042 701 1103 tolles
724 1052 813 1122 atque
836 1044 906 1104 inde
927 1076 966 1086 -
984 1041 1040 1104 llll
1062 1051 1095 1103 et
1111 1042 1195 1121 pulei
1295 1045 1296 1116 l

178 1163 215 1172 —
237 1130 263 1210 1,
292 1132 406 1209 piperis
430 1164 473 1174 -
492 1130 518 1211 l,
546 1130 707 1209 zingiberis
729 1166 773 1175 -
791 1131 844 1213 111,
874 1132 929 1192 alei
954 1131 1059 1192 Gallici
1085 1163 1123 1173 -
1144 1129 1239 1210 lll‚10
1295 1121 1296 1180 l

174 1217 272 1280 mellis
295 1220 448 1299 selibram,
477 1222 554 1280 aceti
582 1219 662 1298 quod
690 1220 819 1281 sufficiat
845 1221 957 1281 adicies
980 1229 1010 1282 et
1033 1219 1195 1299 diligenter

175 1310 245 1367 trita
268 1309 366 1368 omnia
390 1308 585 1386 permiscebis
609 1315 699 1387 atque
722 1308 791 1369 inde
815 1309 948 1370 cocleare
966 1310 1089 1389 plenum
1109 1308 1194 1368 dabis

176 1397 264 1457 etiam
288 1396 395 1458 cibato.

122 1499 156 1547 92
265 1485 439 1545 Antidotum
461 1486 642 1546 acharistum
666 1483 822 1564 multiplex
845 1487 953 1545 mirum
976 1486 1049 1546 lacit
1071 1485 1107 1545 ad
1131 1503 1194 1564 eos,
1296 1547 1297 1558 ,

176 1575 228 1652 qui
256 1592 353 1635 escam
382 1592 442 1635 non
465 1575 604 1653 digerunt
628 1582 659 1635 et
682 1576 734 1654 qui
756 1574 832 1635 male
855 1581 988 1651 ructant,
1018 1581 1049 1634 et
1071 1572 1109 1633 ad
1131 1581 1193 1633 sto·
1208 1588 1237 1627 ιε

175 1662 273 1723 machi
301 1663 434 1724 dolorem
460 1665 548 1725 etad
572 1663 675 1724 lateris
699 1673 730 1723 et
752 1664 884 1724 vessicae
908 1669 938 1722 et
960 1663 1078 1721 renium
1102 1661 1194 1721 mole

176 1754 249 1812 stias
272 1760 303 1812 et
325 1752 361 1812 ad
386 1754 493 1833 omnia,
517 1771 591 1831 quae
615 1754 744 1812 interius
770 1770 875 1813 causas
897 1749 989 1812 malae
1013 1748 1194 1811 valetudinis

176 1840 298 1919 habent,
326 1841 357 1901 id
385 1849 431 1901 est
459 1842 495 1901 ad
524 1850 653 1922 scotum,
681 1841 718 1901 ad
741 1840 855 1901 febrem
879 1839 1058 1901 cotidianam
1080 1847 1111 1899 et
1132 1847 1194 1899 ter·
1297 1867 1298 1870 ¹

175 1931 286 1989 tianam
310 1938 340 1989 et
364 1938 551 2010 quartanam,
574 1930 611 1989 ad
635 1932 811 2009 sanguinem
834 1931 1010 2009 tussientes,
1034 1928 1070 1989 ad
1095 1930 1192 2006 suspi-

177 2020 287 2096 riosos,
310 2017 346 2076 ad
371 2017 567 2096 dysintericos
591 2027 621 2079 et
644 2019 681 2079 ad
700 2018 810 2080 colicos
834 2027 864 2079 et
887 2018 924 2078 ad
947 2020 1078 2095 epaticos
1102 2024 1133 2076 et
1156 2016 1194 2076 ad
1208 2032 1239 2071 πο

176 2107 297 2165 nimiam
316 2105 446 2183 vigiliam
464 2114 494 2167 et
512 2106 548 2166 ad
568 2108 694 2168 stroium
715 2117 745 2167 et
764 2108 800 2167 ad
815 2108 1026 2168 intestinorum
1045 2104 1194 2185 dolorem,
1298 2170 1300 2175 .

176 2211 308 2253 morsum
333 2196 421 2253 etiam
445 2197 594 2273 serpentis
617 2206 703 2257 curet
725 2206 773 2257 ter
791 2196 827 2257 ad
847 2195 926 2256 diem
944 2194 1061 2255 vulneri
1079 2195 1194 2273 inposi·
1298 2194 1300 2221 ²

176 2290 239 2343 tum
258 2281 305 2341 vel
322 2284 407 2360 potui
427 2282 542 2365 datum,
566 2286 713 2345 conlectio
732 2285 805 2345 haec
825 2293 884 2346 est:
907 2284 1092 2345 Cinnamomi
1114 2315 1153 2325 —
1173 2282 1193 2365 l,

176 2389 292 2451 myrrae
318 2404 356 2413 -
378 2370 431 2453 111,
454 2374 567 2452 piperis
593 2406 631 2415 -
651 2373 678 2453 l,
702 2376 831 2434 castorei
853 2374 1049 2452 semunciam,
1073 2370 1194 2451 galbani

175 2459 263 2541 -Ι,
287 2463 412 2521 storacis
436 2495 476 2504 -
497 2462 523 2543 l,
547 2464 642 2522 casiae
666 2461 782 2522 fistulae
806 2462 843 2543 Β,
865 2463 979 2541 piperis
1001 2460 1083 2539 longi
1108 2493 1148 2503 —
1170 2460 1237 2540 1,2e

175 2551 252 2610 costi
275 2582 318 2593 -
337 2550 362 2631 l,
386 2552 446 2630 opii
469 2548 506 2632 tt,
533 2552 632 2629 spicae
654 2551 742 2611 nardi
764 2549 797 2631 13,
821 2552 902 2611 croci
924 2546 957 2632 E,
979 2549 1076 2610 mellis
1099 2550 1194 2609 Attici

175 2636 206 2699 St
226 2637 246 2699 l.
289 2638 394 2699 Omnia
416 2640 472 2699 ista
496 2639 604 2700 tundes
627 2639 786 2719 diligenter
815 2647 845 2700 et
872 2657 978 2700 cernes
1005 2637 1082 2698 bene
1107 2647 1137 2697 et
1161 2640 1193 2697 in

174 2727 326 2805 pulverem
355 2727 562 2788 mollissimum
590 2728 710 2789 redacta
735 2727 923 2789 mensurabis
945 2734 1066 2805 praeter
1088 2728 1194 2805 opium

175 2824 205 2877 et
228 2815 398 2895 galbanum;
422 2816 580 2894 galbanum
603 2819 634 2877 in
658 2817 715 2877 olla
737 2835 814 2877 nova
837 2834 996 2895 excoqucs,
1022 2818 1064 2876 ita
1086 2825 1122 2876 ut
1143 2824 1194 2875 ter

175 2903 280 2965 bulliat
302 2922 394 2981 super
416 2922 537 2985 prunas,
560 2907 663 2983 opium
677 2913 785 2966 autem
808 2924 877 2966 cnm
900 2906 969 2965 vino
988 2912 1090 2964 vetere
1109 2912 1235 2964 teresse

175 3000 205 3052 et
227 2990 423 3071 permiscebis
447 2992 604 3071 diligenter
632 3001 749 3055 etium
773 3001 872 3055 cetera
898 3012 967 3054 curn
990 2991 1078 3054 melle
1101 2991 1193 3053 simul

175 3082 274 3141 omnia
301 3080 496 3159 permiscebis
524 3080 576 3142 din
605 3090 635 3142 et
663 3081 820 3160 diligenter
848 3084 956 3161 agitate
985 3090 1016 3142 et
1044 3081 1193 3141 recondes

176 3169 231 3231 sub
250 3168 402 3248 signaculo
421 3170 452 3229 in
471 3169 578 3249 pyxide
595 3170 691 3231 buxea
710 3180 761 3232 aut
775 3174 806 3231 in
821 3170 937 3231 doleolo
951 3172 1046 3231 vitreo
1061 3178 1092 3230 et
1106 3169 1193 3229 dabis

176 3261 225 3320 cni
253 3260 382 3320 volueris
411 3257 447 3317 ad
475 3258 595 3319 modum
624 3258 770 3320 avellanae
799 3277 868 3320 curn
892 3259 989 3320 mellis
1011 3258 1193 3319 cocliaribus

264 3472 281 3520 6
300 3466 448 3537 quantum]
472 3466 579 3535 quanta
602 3465 763 3522 Carnarius.
874 3469 906 3519 17
928 3464 1099 3521 validndinis
1118 3465 1193 3535 (sic).

175 3539 210 3588 20
229 3534 427 3592 dissinteriaos.
499 3539 534 3588 2⁵
554 3536 699 3591 storschis.
771 3544 805 3592 33
824 3536 929 3607 pixide.
