2609 4017
478 212 521 221 -
566 177 648 272 aco,
682 213 750 261 -4

94 336 172 418 thes,
196 337 227 397 id
250 345 296 399 est
318 345 457 418 nepetae,
481 372 524 382 --
543 338 579 420 ll,
603 338 640 400 sil
662 341 832 420 pictorium,
854 340 977 419 piperis,
1001 340 1108 419 sucini,

93 427 269 509 saxifragae,
296 426 485 509 petroselini,
513 430 627 509 cyperi,
657 427 818 507 zingiberis
845 429 950 488 uncias
975 426 1107 505 singulas

92 515 200 576 tundes
224 523 255 577 et
277 515 423 577 cribrabis
447 525 477 577 et
500 517 679 578 coclearium
703 517 824 597 plenum
849 535 919 577 cum
936 518 998 577 vini
1015 517 1106 577 mixta

93 612 121 664 et
144 603 238 666 calida
261 608 382 684 potione
405 606 505 667 ieiuno
529 606 691 667 bibendum
714 605 807 666 dabis.

67 712 78 752 5
178 693 224 753 Ad
242 693 389 755 calculum
408 695 574 756 remedium
593 697 703 755 mirum
721 696 778 756 sic:
801 693 957 774 Hederam,
976 711 1051 772 quae
1071 694 1160 755 in115

93 799 208 859 quercu
230 790 299 843 nata
318 783 417 863 fuerit,
438 783 609 844 vulnerabis
628 802 722 863 cupro
741 790 772 844 et
789 786 944 863 permittes
963 800 1108 863 umorem,

93 872 142 947 qui
164 871 236 931 inde
259 874 432 954 manaverit,
454 872 590 933 indurari
612 874 644 932 in
669 871 789 933 modum
807 873 981 953 gummiuis3
1004 880 1108 950 postea

93 958 244 1022 sublatum
268 960 387 1022 condito
406 960 538 1022 resolves
556 970 587 1022 et
605 959 784 1022 admiscebis
803 968 833 1021 et
852 959 946 1041 bibes,
969 962 1108 1039 quotiens

92 1065 163 1109 usus
188 1052 330 1128 exegerit

58 1155 80 1195 ιο
180 1137 298 1198 Herbae
317 1138 449 1218 fysalidis
467 1138 556 1200 bacas
575 1147 677 1199 ternas
694 1156 749 1217 per
767 1138 902 1200 triduum
920 1136 1038 1217 gluttiat
1052 1140 1161 1217 qui116

92 1229 224 1288 vessicae
248 1227 360 1288 calculo
385 1227 505 1289 dolebit.
546 1226 663 1288 Herbae
685 1226 874 1289 Britannicae
895 1227 1011 1288 radices
1035 1239 1160 1288 con-117

92 1316 201 1377 tundes
231 1324 262 1377 et
289 1324 374 1377 terna
402 1316 532 1395 scripula
561 1336 597 1378 ex
620 1335 696 1396 aqua
720 1316 813 1377 calida
836 1316 984 1379 calculoso
1007 1317 1108 1377 ieiuno

94 1407 177 1481 potui
200 1423 255 1485 per
277 1406 413 1467 triduum
436 1406 528 1467 dabis
565 1405 708 1467 Eiusdem
731 1405 842 1467 herbae
864 1425 971 1467 sucum
989 1423 1108 1484 expres-

94 1510 158 1553 sum
181 1496 215 1554 in
239 1494 351 1573 duplici
373 1513 442 1555 vaso
471 1495 620 1575 decoquas
648 1497 689 1556 ita
718 1502 752 1556 ut
780 1497 846 1557 suci
873 1497 937 1556 eius
965 1493 1109 1554 naturalis

61 1597 83 1639 u
96 1584 243 1644 sextarius
266 1584 326 1665 fiat,
350 1602 439 1662 quem
462 1603 531 1645 cum
554 1584 650 1645 mellis
673 1584 840 1663 despumati
862 1583 980 1644 hemina
1002 1585 1109 1643 misce·

95 1670 138 1731 bis
165 1680 197 1733 et
225 1678 328 1752 postea
356 1674 388 1733 in
412 1691 444 1733 se
468 1673 617 1753 decoques
643 1670 681 1733 et'
696 1691 765 1733 cum
789 1673 919 1733 colorem
941 1673 1109 1750 mutaverit,

94 1760 286 1839 refrigerabis
309 1770 397 1840 atque
420 1762 490 1822 inde
514 1762 646 1823 cocleare
671 1780 765 1822 unum
788 1780 825 1821 ex
848 1780 924 1841 aqua
950 1760 1056 1841 calida,
1084 1763 1109 1820 si

95 1849 286 1911 vehementer
308 1849 499 1932 febricitabit,
518 1850 666 1912 calculoso
684 1852 769 1931 potui
788 1850 880 1931 dabis,
902 1852 1002 1911 statim
1020 1852 1109 1911 etiam

95 1936 186 2001 febris
216 1941 421 2020 extinguetur3
450 1942 476 2000 si
503 1958 573 2001 vero
602 1942 667 2000 sine
695 1938 773 2000 febri
795 1942 865 2021 erit,
893 1957 930 2000 ex
953 1941 1021 2000 virro
1044 1958 1109 2000 eam

61 2042 82 2081 ao
96 2030 247 2103 potionem
270 2028 391 2089 debebit
414 2031 558 2107 accipere.

183 2117 228 2176 Ad
251 2120 370 2178 renium
394 2117 527 2179 dolorem
551 2117 745 2198 emplastrum
768 2118 841 2179 utile
865 2120 922 2179 sic:
954 2118 1162 2198 Axrrngiac118

96 2208 205 2266 veteris
228 2205 259 2266 P.
278 2205 318 2288 ll,
341 2208 453 2283 farinae
477 2204 508 2267 ἃ
528 2205 550 2288 l,
573 2206 630 2268 olei
653 2206 684 2267 P.
704 2206 732 2288 l,
757 2226 843 2269 cerae
867 2206 1015 2268 selibram.
1056 2206 1110 2267 His

96 2292 263 2373 liquefactis
291 2295 402 2357 adicies
434 2295 566 2375 sulpuris
596 2298 720 2357 contriti
752 2297 905 2379 selibram,
936 2298 1009 2357 nitri
1041 2314 1109 2357 con-

96 2385 158 2444 triti
182 2390 214 2443 et
237 2382 359 2445 cribrati
383 2383 531 2466 selibram,
550 2387 647 2446 omnia
670 2384 865 2463 permiscebis
892 2392 923 2445 et
941 2404 1109 2465 concoquas

62 2485 84 2525 as
97 2478 184 2551 atque
208 2473 276 2534 inde
300 2491 389 2534 renes
413 2473 590 2535 confricabis
614 2473 661 2533 vel
684 2491 768 2534 more
791 2472 945 2552 emplastri
970 2472 1109 2552 adpones.

97 2558 226 2622 Herbam
245 2560 383 2623 Sabinam
407 2564 438 2622 in
460 2565 601 2623 mortario
623 2569 704 2621 teres
723 2570 753 2622 et
772 2580 841 2621 eum
860 2562 986 2640 axungia
1004 2569 1162 2623 vetere119

98 2650 217 2729 subiges
240 2658 270 2711 et
292 2654 336 2712 sic
359 2651 481 2712 renibus
505 2650 644 2730 adpones.

185 2739 230 2799 Ad
254 2742 357 2801 urinae
376 2742 622 2802 incontinentiam
641 2739 807 2799 remedium
826 2740 883 2801 sic:
906 2737 1041 2799 feniculi
1059 2751 1163 2801 ra-120

99 2828 193 2890 dicem
217 2837 248 2889 et
270 2829 472 2890 ramusculum
496 2831 559 2890 ervi
582 2828 732 2890 contunde
756 2836 787 2889 et
810 2847 846 2888 ex
866 2829 935 2888 vino
954 2834 1054 2888 vetere
1074 2827 1111 2888 da

64 2930 86 2970 ao
99 2916 269 2999 bibendum,
288 2920 429 2979 continuo
448 2917 635 2979 remediabis.
672 2916 794 2979 Urinam
813 2919 947 2979 continet
964 2916 1009 2978 lac
1024 2919 1163 2978 caui-121

100 3023 170 3067 num
198 3015 229 3067 et
255 3006 346 3086 adeps
374 3010 439 3068 eius
467 3026 536 3068 cum
564 3007 693 3068 alumine
717 3006 817 3088 datus,
844 3009 886 3068 ita
908 3014 943 3068 ut
965 3009 1006 3067 sit
1027 3006 1110 3067 fabae

100 3095 300 3175 magnitudine
325 3095 462 3175 globulus
486 3098 538 3175 qui
560 3097 656 3157 datur.
698 3095 780 3156 Ciuis
803 3096 971 3158 coclearum
993 3095 1164 3156 Africa-122

100 3202 205 3246 narum
228 3194 401 3246 exustarum
425 3188 449 3245 si
472 3193 603 3267 potetur,
625 3187 730 3246 urinae
753 3188 998 3247 incontinentiam
1019 3184 1111 3245 sedat.

101 3273 247 3335 Anserum
275 3276 368 3335 trium
394 3274 511 3353 linguas
538 3276 683 3335 inassatas
714 3276 741 3334 si
769 3277 836 3354 quis
863 3274 971 3354 ederit,
1003 3274 1165 3333 urinae123

192 3416 206 3463 1
221 3409 281 3466 silis
294 3407 406 3481 pistorii
423 3409 584 3465 Coronatus.
645 3415 679 3463 10
693 3408 834 3465 fisselidis.
890 3414 922 3462 11
938 3408 1047 3464 calculo
1061 3424 1113 3463 om.

102 3480 262 3537 britonicae.
347 3486 379 3536 16
399 3482 528 3537 calorem.
612 3487 644 3535 18
662 3479 845 3535 febricitauit.
921 3484 955 3533 32
974 3479 1111 3549 globolus.

102 3552 168 3607 eicis
189 3552 366 3608 coclearium.
