2609 4017
595 193 814 257 -62-

201 355 286 417 dicus
314 356 431 416 adicere
460 355 565 416 solitus
593 364 658 417 erat
685 358 773 416 etiam
803 355 1013 436 mandragorae
1042 361 1108 419 suci
1138 392 1177 401 —-
1201 359 1214 419 Ι

200 454 231 505 et
258 444 375 505 lentisci
403 446 468 505 suci
493 478 532 486 -
557 444 569 504 I
605 464 639 506 ac
667 444 773 505 deinde
805 448 960 524 permixtis
993 446 1133 508 omnibus
1157 448 1214 509 lor·

200 552 281 594 mare
305 532 424 613 collyria
449 532 493 593 vel
516 534 649 613 pastillos
673 536 777 595 autin
802 552 852 595 vas
875 542 1031 614 stagneum
1048 536 1214 597 recondere

200 631 230 683 et
249 640 317 682 cum
335 640 411 701 opus
431 630 510 682 esset
529 624 574 682 uti
592 622 628 683 ad
647 624 871 701 inunguendum
889 625 935 684 vel
949 624 1213 703 superliniendum.

164 727 179 776 9
199 710 253 770 Est
271 710 442 771 huiusmodi
460 710 719 793 medicamentum,
742 712 822 791 quod
844 712 1089 791 perichristarion
1108 723 1238 775 vocante

200 798 317 880 Graeci,
342 800 418 878 quod
443 800 693 861 medicamentum
716 802 788 861 satis
812 800 916 861 efficax
940 811 999 883 est,
1023 820 1081 881 quo
1105 805 1147 863 ita
1170 807 1214 864 uti

200 897 326 967 oportet,
345 896 379 949 ut
397 887 555 967 palpebrae
575 890 725 967 suptiliter
743 889 812 950 inde
832 890 1064 971 superlinantur,
1084 910 1122 951 ne
1142 892 1213 971 quid

198 978 275 1038 intra
295 976 414 1038 oculum
433 977 513 1038 lluat.
550 977 669 1056 Recipit
686 986 785 1039 autem
801 978 887 1038 haec:
911 977 997 1039 Croci
1017 978 1111 1040 SIculi
1124 979 1151 1039 X
1164 979 1214 1062 ΙΙΙ,
1298 1033 1299 1066 ,

198 1083 330 1144 magmae
354 1068 434 1127 croci
457 1064 483 1125 X
507 1064 573 1141 XII,
594 1069 674 1127 turis
698 1066 795 1147 XIII,
819 1067 957 1128 aluminis
981 1068 1104 1129 rotundi
1122 1068 1149 1128 X
1167 1068 1213 1148 VI,
1298 1077 1299 1116 ἰ

198 1156 247 1232 opi
270 1153 295 1214 X
319 1154 359 1237 ll,
382 1173 498 1234 myrrae
521 1154 547 1214 X
570 1154 609 1234 ll,
636 1158 763 1216 cummis
785 1154 880 1215 XIII
926 1155 970 1217 Ex
993 1159 1062 1217 vino
1086 1156 1212 1218 Falerno
1226 1174 1252 1213 ro

197 1252 337 1303 teruntur
369 1243 441 1303 haec
473 1243 520 1304 vel
547 1252 748 1323 asperguntur
775 1253 805 1304 et
832 1262 902 1305 cum
929 1244 1005 1305 bene
1033 1245 1108 1306 levia
1136 1247 1213 1307 facta
1298 1239 1299 1298 Ι

198 1340 276 1410 sunt,
295 1331 331 1392 ad
351 1333 579 1394 crassitudinem
594 1331 665 1393 honi
683 1332 779 1393 mellis
793 1334 970 1414 spissantur,
989 1334 1117 1396 adicitur
1131 1344 1211 1414 post·

197 1439 230 1480 ea
262 1422 342 1499 passi
376 1416 487 1481 Cretici
518 1420 544 1480 X
576 1421 588 1482 l
626 1429 656 1482 et
688 1424 844 1501 reponitur
875 1424 907 1482 in
939 1424 1044 1503 pyxide
1080 1433 1212 1503 stagnea.

158 1519 160 1524 '
197 1508 271 1569 Cum
299 1512 378 1570 enim
407 1528 527 1588 passum
552 1510 703 1571 adiectum
731 1511 835 1591 fuerit,
863 1510 1018 1591 collyrium
1042 1514 1113 1593 erit,
1142 1531 1210 1574 nam
1298 1547 1299 1550 κ

144 1614 176 1662 10
196 1616 231 1658 ex
259 1600 324 1677 ipso
354 1597 498 1677 superlini
526 1598 623 1660 debet.
668 1598 749 1659 Bene
777 1600 847 1660 lacit
874 1600 929 1660 hoc
959 1600 1209 1663 medicamentum
1224 1617 1249 1658 rs

195 1686 232 1747 ad
254 1687 483 1765 superlinendos
504 1687 615 1769 oculos,
639 1707 698 1767 quo
717 1689 869 1766 Augustus
888 1706 962 1749 usus
982 1698 1041 1751 est:
1064 1690 1211 1751 Aluminis

195 1777 258 1836 tissi
276 1775 303 1835 X
322 1775 381 1855 XL,
406 1778 480 1837 turis
500 1776 525 1837 X
544 1776 579 1857 X,
603 1777 682 1837 aloes
701 1776 726 1837 X
746 1776 805 1858 XV,
829 1780 910 1838 croci
929 1777 955 1837 X
973 1778 1033 1858 XV,
1055 1781 1106 1858 opi
1125 1779 1151 1839 Χ
1175 1780 1210 1859 ΙΙ,
1298 1823 1299 1854 r

195 1863 286 1942 gallae
307 1864 331 1924 Χ
352 1863 386 1944 Χ,
411 1884 495 1925 rosae
515 1866 653 1926 tonorum
672 1866 823 1927 aridorum
843 1865 869 1925 Χ
888 1865 922 1946 Χ,
945 1867 1125 1947 plantaginis
1144 1872 1210 1930 suci

195 1952 241 2012 vel
269 1955 390 2013 seminis
418 1952 502 2013 XX.
549 1952 591 2013 Ex
624 1956 693 2014 vino
726 1953 851 2015 Falerno
884 1962 1024 2017 teruntur
1056 1956 1130 2017 haec
1164 1957 1210 2017 vel

194 2051 394 2119 asperguntur
421 2051 450 2101 et
479 2060 546 2102 otim
572 2042 645 2102 levia
670 2042 745 2103 lacta
769 2054 838 2104 sunt
861 2062 895 2104 ac
921 2045 1017 2105 mellis
1040 2047 1208 2124 spissitudi-
1222 2062 1248 2101 so
1298 2065 1299 2100 r

194 2148 261 2190 nem
285 2130 403 2211 hahent,
427 2130 554 2190 adicitur
576 2130 623 2191 his
646 2134 727 2209 passi
751 2133 897 2193 sextarius
916 2133 962 2193 vel
981 2134 1059 2213 quod
1079 2134 1211 2195 sufficiat

142 2231 172 2279 11
194 2225 224 2278 et
258 2221 414 2297 reponitur
446 2221 477 2279 in
509 2237 577 2279 vaso
610 2227 733 2299 stagneo
765 2220 812 2281 vel
843 2232 991 2299 argenteo.
1046 2221 1209 2302 Collyrium
1298 2227 1299 2296 y

193 2308 311 2385 nigrum
339 2308 375 2368 ab
404 2308 550 2386 Antigono
579 2318 732 2387 repertum
765 2308 801 2369 ad
829 2313 926 2370 omnia
955 2313 1066 2372 intacta
1094 2312 1207 2372 faciens
1298 2303 1299 2372 ἶ

193 2397 313 2474 accipit:
350 2395 487 2457 Cadmiae
514 2396 540 2457 Χ
568 2396 674 2457 XXXV
703 2398 736 2478 S,
767 2396 853 2458 stibis
884 2398 909 2458 Χ
938 2397 1060 2479 ΧΧΙΙΙΙ,
1092 2402 1208 2479 piperis
1298 2391 1299 2472 Ι

191 2482 217 2545 Χ
237 2483 314 2567 VIII,
338 2488 487 2564 aeruginis
511 2504 594 2547 rasae
618 2485 738 2567 X'Vlll,
762 2489 888 2547 cummis
907 2486 933 2546 Χ
952 2486 1073 2570 ΧΧΙΙΙΙ,
1096 2492 1207 2549 teritur
1221 2504 1250 2545 ss

192 2592 228 2635 ex
251 2592 326 2654 aqua
350 2574 507 2654 pluviatica
530 2583 617 2655 atque
642 2576 808 2637 conficitur.
854 2575 979 2637 Cosmus
1004 2576 1113 2637 adiecit
1137 2578 1208 2639 huic

191 2663 312 2743 collyrio
341 2672 517 2725 centaureae
544 2666 644 2725 tenuis
673 2666 738 2725 suci
760 2663 787 2723 Χ
808 2662 848 2744 Χ,
877 2666 957 2743 quod
984 2676 1066 2726 recte
1095 2666 1207 2727 lactum
1298 2741 1299 2744 Ἴ

139 2764 171 2813 12
191 2770 268 2812 reor.
315 2751 483 2834 Collyrium,
507 2753 585 2832 quod
610 2751 645 2813 ad
669 2770 787 2813 omnem
811 2753 982 2832 eptphoram
1007 2764 1037 2814 et
1060 2756 1206 2833 inquieta·

190 2843 302 2900 tionem
330 2848 359 2901 et
387 2850 535 2901 tumorem
564 2841 633 2900 lacit
662 2841 824 2902 sedandum
852 2844 916 2901 sine
944 2842 1056 2921 dolore,
1096 2845 1207 2922 achpit

190 2928 276 2988 haec:
306 2927 514 3008 Pompholygis
537 2926 563 2987 X
587 2926 664 3008 VIII,
688 2930 802 2990 cicutae
826 2932 891 2991 suci
914 2932 998 3010 aridi,
1021 2932 1050 2992 id
1075 2940 1121 2993 est
1144 2935 1203 2993 sic·
1217 2948 1246 2989 eo

190 3018 256 3094 cati,
279 3014 305 3075 X
328 3015 378 3097 VI,
401 3019 452 3096 opi
475 3015 500 3076 X
524 3015 590 3098 llll,
614 3016 826 3095 mandragorae
850 3021 915 3079 suci
937 3020 1014 3080 aridi
1037 3019 1114 3099 XV,
1137 3039 1203 3081 aca-

190 3106 252 3165 ciae
271 3104 297 3164 X
316 3104 366 3183 VI,
392 3106 518 3165 cummis
537 3104 563 3164 X
582 3103 613 3183 V,
636 3106 745 3166 teritur
768 3125 805 3166 ex
827 3108 977 3168 coriandri
1001 3112 1097 3169 teneri
1120 3128 1204 3171 suco.

189 3192 252 3253 Hoc
280 3193 434 3273 collyrium
462 3194 584 3273 prodest
607 3197 695 3254 etiam
719 3204 802 3256 extra
825 3196 927 3257 oculos
950 3208 1142 3279 perunctum,
1172 3200 1205 3259 id

137 3295 169 3344 13
190 3290 236 3343 est
258 3283 467 3344 circumlitum.
500 3282 660 3363 Collyrium
674 3282 710 3343 ab
725 3284 897 3364 Asclepiade
912 3285 948 3346 ad
964 3286 1122 3365 epiphoras
1137 3305 1204 3366 spe·
1298 3283 1299 3286 ’

1298 3403 1300 3444 l

259 3487 438 3557 apostellos.
485 3496 501 3544 t
538 3488 586 3560 uo]
606 3489 690 3557 quod.
742 3491 888 3560 trecepit.
939 3490 1033 3547 Sicoli.
1091 3498 1124 3547 2⁷
1140 3508 1203 3547 oen·
1298 3477 1299 3542 ξ

187 3559 320 3615 tauricae.
394 3566 427 3614 29
447 3560 505 3615 sine
520 3508 650 3613 ‘dolorem
668 3560 738 3629 (sic).
