2609 4017
580 179 822 244 „250-

197 341 285 403 simili
304 343 433 403 efficacia
453 344 556 421 prosit,
576 342 735 403 dnmmodo
754 342 937 402 medicamen
952 343 1080 420 septima
1095 340 1219 400 decima

196 431 265 491 luna
288 441 495 512 componatur3
519 450 555 491 ex
579 449 613 491 eo
638 449 709 509 ergo
732 432 802 491 fimo
826 439 968 510 qnantum
992 432 1085 489 unius
1102 446 1218 489 manus

194 538 294 599 pugno
318 520 405 599 pleno
428 522 562 598 potueris
586 520 852 598 comprehendere,
875 519 1035 579 dummodo
1058 520 1154 595 inpar
1177 519 1218 577 sit

195 626 339 669 numerus
353 607 520 689 pilularum,
539 612 570 668 in
589 611 766 669 mortarium
782 610 883 669 mittes
898 615 986 686 atque
1001 606 1113 667 adicies
1128 607 1217 684 pipe-

195 698 237 757 ris
256 714 346 775 grana
361 695 439 756 XXV
458 697 683 776 diligentissime
698 700 776 776 trita,
796 705 867 757 tunc
882 696 973 756 addes
987 694 1083 755 mellis
1101 696 1239 773 optimis

194 784 341 845 heminam
365 787 478 845 etvini
502 788 653 847 veterrimi
676 788 781 866 optimi
804 782 881 845 811
909 794 938 845 et
961 785 1099 844 contritis
1124 786 1215 861 prius

195 872 296 950 pilulis
320 876 458 933 universa
481 874 621 935 miscebis
645 884 675 935 et
698 892 826 953 repones
849 876 880 935 in
903 871 1022 934 vasculo
1045 874 1153 953 vitreo,
1178 879 1215 932 ut

197 980 265 1022 cnm
294 962 384 1023 fuerit
411 981 486 1041 opus
514 974 651 1041 paratum
674 963 783 1023 habeas
806 962 1053 1023 medicamentum
1077 960 1115 1021 ad
1139 960 1214 1021 sub

193 1050 385 1132 veniendum;
413 1052 466 1112 sed
494 1060 527 1112 ut
555 1054 648 1112 maior
676 1054 716 1112 sit
740 1052 941 1112 medicaminis
965 1050 1109 1128 efficacia,
1138 1049 1213 1109 luna

195 1141 319 1217 septima
343 1140 456 1201 decima
479 1139 551 1201 illud
574 1141 672 1201 iacere
691 1140 814 1200 debebis
833 1149 863 1200 et
882 1158 949 1199 cnm
969 1140 1093 1199 daturus
1112 1138 1212 1198 tueris
1225 1153 1247 1191 1o

194 1228 369 1309 remedium,
392 1248 408 1289 a
429 1228 476 1289 die
496 1229 572 1289 lovis
591 1231 690 1307 incipe
709 1237 740 1289 et
758 1247 813 1307 per
831 1228 895 1289 dies
914 1237 1027 1306 septem
1047 1229 1210 1287 continuos

195 1314 271 1395 dato,
294 1318 334 1376 ita
359 1326 390 1377 nt
415 1319 467 1395 qui
490 1318 699 1378 remediandns
723 1326 769 1377 est
792 1326 873 1377 stans
894 1318 925 1376 in
949 1314 1078 1377 scabello
1102 1324 1209 1376 contra

195 1404 338 1464 orientem
364 1404 452 1465 bibat.
495 1405 575 1475 Quae
599 1408 690 1486 potio,
714 1408 740 1465 si
763 1408 812 1485 ita,
835 1413 869 1465 ut
892 1407 1037 1484 scriptum
1060 1412 1116 1484 est,
1140 1403 1209 1464 data

194 1499 223 1551 et
246 1492 400 1553 observata
425 1493 523 1573 luerit,
547 1497 634 1555 ctiam
658 1498 684 1555 si
707 1494 846 1554 omnibus
869 1493 1002 1554 articulis
1021 1501 1052 1553 et
1070 1510 1145 1553 coxa
1163 1494 1208 1552 in·

193 1580 297 1653 firmus
311 1592 541 1662 contractusque
557 1583 646 1643 irrerit
661 1592 691 1644 et
704 1582 854 1643 inmobilis
869 1601 902 1643 ac
917 1582 1093 1660 desperatus
1107 1584 1206 1641 iacue-
1220 1594 1243 1634 ιε

193 1671 241 1749 rit,
265 1688 388 1731 necesse
412 1681 466 1751 est,
490 1680 523 1732 nt
546 1674 671 1751 septima
695 1671 742 1731 die
766 1670 904 1732 ambulet.

140 1764 173 1814 22
282 1758 409 1820 Sciatico
428 1760 592 1821 remedium
609 1760 848 1820 efficacissimum
863 1761 919 1821 sic:
938 1758 1072 1819 Castorei
1086 1776 1205 1818 semun-

193 1846 277 1927 ciam,
300 1847 442 1928 pyrethri,
467 1850 546 1929 nitri,
571 1848 696 1927 euforbi‚
720 1848 841 1909 adarces
865 1850 968 1908 uncias
987 1846 1129 1926 singulas,
1149 1846 1206 1906 olei

194 1937 310 2012 cyprini
329 1935 446 2017 libram3
470 1956 545 2016 quae
565 1937 715 1997 tundenda
735 1945 824 1997 erunt
843 1938 951 1997 siccata
969 1934 1079 1995 tundes
1098 1942 1130 1995 et
1149 1936 1205 1996 cri·

191 2020 293 2081 brabis
317 2032 346 2082 ct
369 2026 412 2083 sic
436 2024 500 2085 oleo
525 2028 647 2104 cyprino
670 2024 810 2086 miscebis
834 2034 864 2086 et
887 2025 1035 2102 decoques
1057 2032 1150 2103 atque
1170 2042 1205 2083 eo
1219 2035 1242 2074 2⁰

193 2109 388 2171 medicamine
412 2114 455 2172 sic
479 2116 582 2193 uteris,
606 2122 639 2174 ut
663 2117 816 2175 sciaticum
840 2116 986 2176 iacentem
1009 2114 1041 2172 iu
1060 2112 1124 2172 sole
1144 2113 1208 2172 diu·

193 2198 308 2257 tissime
331 2199 476 2277 perfrices
498 2204 529 2261 in
554 2220 634 2283 coxa,
659 2221 747 2281 quam
771 2202 861 2281 dolet,
884 2202 991 2262 deinde
1010 2200 1046 2260 ad
1066 2199 1208 2261 balneum

195 2284 285 2345 ducas
309 2297 429 2348 etcum
453 2289 611 2371 sudaverit,
635 2291 802 2352 diutissime
827 2290 976 2369 conpellas
999 2291 1030 2349 in
1050 2296 1130 2350 tosta
1149 2288 1206 2349 cal·

193 2372 273 2433 daria
297 2380 481 2439 commorari.

139 2468 173 2517 23
281 2464 325 2523 Ad
353 2484 494 2527 coxarum
523 2475 553 2528 et
580 2466 763 2529 lumborum·
778 2467 896 2528 dolores
922 2466 1014 2527 herba
1038 2464 1205 2546 chamaepi-
1218 2477 1241 2517 2⁵

139 2558 170 2605 24
192 2559 237 2630 tys
261 2556 388 2615 contrita
412 2574 447 2616 ex
471 2558 538 2615 vino
557 2558 640 2635 potui
659 2556 726 2617 data
746 2555 907 2634 plurimum
926 2556 1057 2635 prodest.
1092 2554 1205 2615 Cucur-

191 2640 270 2701 bitae
294 2645 406 2703 semine
430 2647 558 2705 contrito
582 2646 613 2704 in
636 2645 764 2705 ficulneo
790 2644 909 2705 vasculo
937 2644 1052 2704 adiecto
1080 2642 1148 2703 oleo
1176 2652 1204 2703 et

192 2737 275 2790 aceto
304 2750 394 2792 coxae
422 2741 452 2792 et
479 2732 573 2792 lumbi
599 2734 753 2812 perfricari
780 2740 918 2812 potenter
947 2740 1099 2813 sanantur,
1127 2734 1205 2792 sicut

192 2821 394 2894 experimenta
417 2820 592 2881 docuerunt.

139 2909 173 2959 25
282 2904 410 2986 Serpnlli
428 2908 503 2969 aridi
519 2910 637 2969 contusi
657 2917 687 2969 et
706 2912 737 2969 in
755 2910 908 2987 pulverem
927 2910 1039 2970 redacti
1054 2908 1202 2988 scripulos
1215 2918 1237 2959 ³⁰

191 2999 253 3051 tres
273 2993 387 3055 adiecto
405 2996 522 3055 modico
542 2994 627 3057 melle
646 2999 794 3075 permisce
816 3006 845 3057 et
868 3016 904 3058 ex
928 3016 963 3057 eo
987 3005 1049 3057 tres
1068 2996 1203 3076 globulos

192 3080 307 3159 aequali
325 3082 457 3159 pondere
476 3084 564 3145 facito
583 3093 673 3165 atque
692 3105 728 3146 cx
743 3086 789 3146 his
804 3085 937 3165 singulos
951 3103 1020 3146 cum
1034 3084 1125 3145 mulsi
1139 3103 1203 3165 cya-

191 3168 252 3229 this
274 3170 428 3251 tepefactis
451 3171 529 3232 hinis
547 3174 647 3234 ieiuno
667 3193 720 3253 per
739 3174 872 3235 triduum
890 3174 968 3253 dato,
987 3172 1204 3233 incredibiliter
1291 3211 1292 3240 y

191 3258 359 3321 lumborum
379 3260 475 3321 dolori
493 3260 665 3343 medebere;
684 3264 764 3342 quod
783 3265 810 3323 si
828 3262 877 3322 illo
894 3262 1069 3323 triduo-non
1083 3264 1203 3341 penitus

192 3348 244 3425 qni
262 3348 376 3409 laborat
390 3349 481 3411 luerit
495 3348 786 3432 ahsolutuspiterum
799 3369 853 3430 per
868 3349 947 3411 aliud
962 3349 1095 3412 triduum
1110 3349 1202 3410 dabis.
1215 3358 1239 3400 ⁸⁵

15 3897 19 3955 ,
92 3625 228 3933 ‘t

281 3539 314 3587 18
333 3535 459 3604 pirebhri.
531 3535 610 3591 niori.
684 3542 720 3591 30
739 3536 882 3607 scripolos.
956 3544 990 3592 31
1008 3538 1148 3608 globolos.
