2609 4017
592 179 927 245 -366--

202 341 267 414 Quc
295 344 489 404 medicamine
517 342 692 421 refrigerato
718 344 762 404 uti
785 343 942 403 conveniet
964 359 1019 419 prc
1041 338 1214 417 malagmate

203 431 250 492 vel
273 431 434 512 emplastro
457 431 493 491 ad
516 449 559 512 ea,
583 449 659 510 quae
683 449 772 510 supra
796 433 907 509 scripta
929 439 1007 493 suut.

594 624 673 687 CdP.
697 623 824 685 xxxvi.

228 737 283 794 Ad
309 737 493 806 podagram
521 736 667 792 calidam
694 740 729 793 et
755 736 913 805 frigidam
943 738 978 791 et
1005 735 1195 804 chiragram

325 824 476 881 remedia
498 826 639 896 physica
675 827 709 881 ct
726 825 941 881 rationabilia
963 823 1098 880 diversa

551 914 594 970 de
619 914 869 984 experimentis.

168 1059 183 1108 1
291 1047 452 1128 Podagram
481 1049 554 1110 lenit
581 1067 723 1130 oesypum
746 1067 815 1110 cum
837 1049 914 1110 lacte
936 1047 1071 1109 mulieris
1095 1056 1216 1108 etcum

203 1153 324 1198 cerussa
352 1138 533 1218 adpositum3
560 1138 648 1198 limus
676 1156 796 1217 quicque
819 1137 950 1199 bubulus
972 1154 1081 1198 recens
1104 1135 1216 1197 calidus

203 1237 233 1288 et
261 1225 417 1306 pulmones
444 1227 569 1304 pecudis
601 1226 689 1287 calidi
721 1234 859 1288 recantas
892 1235 922 1287 et
951 1225 991 1286 iel
1017 1228 1122 1286 arietis
1148 1238 1240 1285 cume

204 1332 273 1374 sero
301 1333 356 1375 suc
384 1322 415 1374 et
437 1316 524 1376 timus
548 1314 724 1394 gallinarum
747 1333 855 1376 recens
878 1315 1031 1394 adpositus
1054 1313 1217 1394 plurimum

202 1404 283 1464 iurat
309 1420 426 1464 necnon
454 1411 484 1463 at
511 1404 629 1464 cocleae
658 1404 812 1464 Africanae
840 1422 907 1464 cum
937 1421 989 1464 sua
1017 1419 1109 1463 carne
1139 1419 1215 1480 ccm-

204 1490 307 1552 bustae
331 1493 466 1570 cinisque
491 1509 593 1552 aarum
617 1511 652 1552 ex
676 1494 745 1553 vinc
769 1491 872 1553 inlitus
895 1492 1041 1552 medetur.

168 1588 184 1638 2
293 1578 433 1640 Ceratum
461 1580 617 1640 adversum
646 1580 756 1659 pedum
779 1580 897 1641 dclcres
919 1580 977 1641 hcc
999 1579 1089 1640 medo
1114 1580 1216 1640 iacies:

203 1667 269 1729 Olei
286 1668 384 1747 pondo
404 1667 439 1748 ll,
463 1667 608 1730 medullae
628 1669 764 1729 cervinae
782 1670 887 1730 uncias
906 1687 968 1751 sex,
986 1671 1105 1728 resinae
1123 1668 1216 1727 frixae
1228 1683 1251 1721 ιο

203 1759 306 1818 uncias
330 1775 390 1838 ser,
414 1756 514 1837 butyri
536 1759 654 1818 unciam
678 1775 776 1818 unam.
811 1757 890 1818 llaec
909 1759 1021 1836 pariter
1039 1758 1071 1816 in
1090 1756 1217 1817 caccabo

204 1844 359 1905 solvuntur
378 1853 408 1906 et
426 1844 571 1927 colantur,
592 1852 696 1925 postea
714 1846 825 1906 adicies
844 1845 898 1906 lini
916 1847 1038 1906 seminis
1058 1845 1216 1925 heminam,

202 1933 281 1994 lacni
300 1935 398 2013 graeci
417 1933 575 2014 heminam,
598 1952 674 2012 quae
698 1937 738 1994 ita
756 1937 869 2014 pariter
887 1951 1064 2013 concoquas,
1089 1941 1124 1994 ut
1143 1937 1216 2013 spis·

204 2039 270 2082 sum
294 2024 345 2102 sit,
369 2021 475 2082 deinde
498 2022 610 2083 colabis
634 2031 665 2083 et
683 2023 805 2102 deipsc
824 2022 919 2084 colato
938 2025 979 2083 ita
998 2022 1126 2083 densum
1145 2030 1216 2083 tem·

203 2108 330 2188 parabis,
354 2109 449 2170 donec
473 2110 667 2188 emplastrum
690 2111 788 2172 iacias.
1227 2123 1251 2163 1⁵

167 2208 183 2256 a
292 2196 467 2257 Remedium
494 2202 702 2278 paregoricum
731 2200 767 2260 ad
798 2200 958 2279 podagram
985 2201 1042 2260 sic:
1074 2198 1218 2278 Cupressi

203 2285 291 2346 bacas
310 2285 419 2346 virides
439 2294 513 2364 quot
532 2287 661 2348 volueris
680 2288 813 2366 decoque
832 2306 869 2348 ex
888 2305 963 2366 aqua
981 2289 1105 2368 marina,
1121 2287 1216 2348 donec

203 2373 306 2434 molles
334 2374 419 2456 liant,
448 2375 555 2435 deinde
584 2376 734 2436 contunde
761 2379 792 2437 in
820 2376 879 2455 pila
906 2384 937 2436 et
959 2375 1086 2436 subinde
1110 2394 1216 2455 aquam

204 2463 347 2542 adsparge
375 2469 405 2524 et
434 2463 570 2524 manibus
601 2464 719 2544 subige,
751 2472 785 2525 ut
818 2476 967 2543 tamquam
994 2463 1139 2542 malagma
1168 2466 1217 2540 sit3

202 2551 272 2612 inde
295 2553 374 2612 iuter
396 2553 480 2612 initia
504 2552 615 2612 doloris
639 2555 767 2634 impone,
793 2555 893 2614 statIm
916 2552 1102 2631 mitigabitur
1124 2553 1251 2613 dolonn

167 2649 184 2696 4
291 2639 432 2718 Malagma
451 2640 690 2701 efficacissimum
709 2641 745 2701 ad
763 2641 924 2720 podagram
942 2643 999 2703 sic:
1018 2639 1124 2701 Carnis
1138 2643 1218 2720 agni-

203 2745 258 2788 nae
281 2727 312 2789 P.
330 2727 376 2808 Vl,
400 2731 539 2807 caprinae
558 2727 589 2791 P.
608 2729 654 2811 Vl,
679 2728 806 2791 bubulae
828 2730 1010 2791 masculinae
1033 2729 1133 2809 pendo
1158 2748 1216 2807 ser,

202 2818 278 2894 picis
305 2816 434 2895 liquidae
458 2815 488 2876 P.
508 2816 532 2875 V
560 2817 605 2878 vel
634 2820 723 2878 eiiam
746 2817 796 2898 Vl,
826 2820 898 2878 nitri
920 2817 952 2879 P.
971 2817 1049 2897 Vlll,
1076 2817 1217 2878 bacarum

203 2906 332 2982 iuniperi
350 2904 450 2982 pondo
469 2923 530 2985 sex,
550 2920 635 2966 cerae
654 2906 687 2966 P.
702 2906 814 2966 decem.
844 2905 924 2972 llaec
943 2907 1042 2966 omnia
1060 2923 1217 2985 concerpe,

204 2991 362 3072 contunde,
386 3011 481 3071 coque
506 3001 536 3054 ei
555 3012 624 3054 cum
642 2993 788 3073 liquidum
807 2995 899 3055 luerit
917 2994 1111 3074 medicamen,
1134 2995 1251 3054 adiecti

205 3099 308 3159 cepam
340 3088 371 3140 et
403 3080 529 3141 subinde
561 3084 710 3160 permisce
742 3091 772 3144 et
804 3082 911 3143 deinde
939 3081 1097 3162 galbanum
1125 3085 1217 3163 mitte,

205 3176 348 3248 quantum
364 3171 565 3230 aestimaveris
580 3170 719 3232 sulficere
733 3189 831 3251 posse,
845 3180 876 3232 et
890 3170 1016 3232 subinde
1028 3173 1115 3249 agita.
1135 3171 1216 3242 Quae

205 3275 274 3318 etim
297 3257 372 3318 bene
396 3258 554 3337 liquefacta
578 3266 608 3318 et
631 3262 790 3320 commixta
812 3260 933 3340 luerint,
958 3260 1069 3320 adicies
1091 3259 1217 3339 sulphur

206 3353 236 3405 et
258 3348 370 3407 nitrum
395 3353 425 3406 et
448 3346 535 3407 bacas
559 3346 635 3408 lauri
658 3358 811 3429 contusas3
833 3349 941 3409 deindc
964 3365 1031 3408 eum
1057 3346 1133 3408 bene
1152 3366 1216 3427 per·

296 3537 311 3585 8
332 3533 479 3602 oesypum]
498 3534 532 3599 cs.
549 3534 628 3588 Plin.
641 3551 670 3590 n.
683 3536 709 3589 i.
724 3541 767 3604 titi,
782 3542 824 3590 76.

48 3704 187 3960 ‘i
