2609 4017
493 170 734 236 -137—

102 350 196 410 grana
215 350 342 393 numero
361 330 424 414 llll,
442 332 643 413 glycyrrhizae
662 335 728 394 suci
747 331 772 393 lt
791 332 840 413 lll,
859 335 1037 394 cariotarum
1056 337 1120 413 pin-

102 423 210 500 guium
239 424 305 482 suci
331 424 477 500 exemptis
504 423 670 500 interaneis
695 421 788 482 hill.
829 421 948 482 Gummi
972 432 1003 484 et
1025 429 1120 501 traga-

85 509 249 570 ·canthum
275 513 308 570 in
334 528 411 589 aqua
437 510 533 571 mulsa
559 519 742 590 maceratur,
770 511 876 572 deinde
900 518 1027 591 utraque
1051 513 1121 572 trita

102 601 216 659 ceteris
239 598 316 659 bene
340 601 420 660 tritis
443 607 474 660 et
496 599 631 679 levigatis
653 599 864 679 admiscentur,
890 609 958 679 post
981 600 1037 660 hoc
1060 601 1120 678 glo-

71 687 170 750 sbuli
197 688 354 766 finguntur
380 688 417 748 ad
445 687 530 749 fabae
556 689 804 769 magnitudinem,
832 707 907 768 quos
936 688 992 750 sub
1020 689 1121 768 lingna

103 778 205 838 teneri
228 784 347 856 oportet
374 785 405 838 et
433 777 511 857 quod
540 776 577 837 de
600 777 648 837 his
673 776 865 857 liquefactum
888 777 992 859 inerit,
1020 780 1120 839 statim

103 866 253 926 devorari.
288 865 369 926 llaec
392 867 558 946 conpositio
581 865 653 926 iacit
676 867 711 926 ad
736 868 833 926 omnia
856 869 982 928 arteriae
1000 867 1071 928 vitia
1090 877 1121 928 et

102 955 238 1015 thoracis
261 961 292 1014 et
314 955 350 1015 ad
373 957 455 1015 vocis
477 957 734 1034 interceptionem.

198 1042 392 1124 Compositio,
416 1062 491 1122 quae
515 1043 625 1105 dicitur
648 1045 817 1124 stomatice,
840 1045 911 1105 lacit
933 1044 969 1105 ad
993 1044 1120 1105 tossillas
1138 1056 1173 1108 47

59 1154 89 1193 ιο
103 1141 139 1192 et
155 1149 228 1192 uvas
248 1141 399 1193 tumentes
417 1141 447 1192 et
465 1132 502 1192 ad
517 1132 639 1193 vulnera
652 1139 683 1193 et
697 1132 799 1193 ulcera
811 1134 844 1192 in
857 1133 999 1194 auriculis
1012 1143 1122 1213 vetera,

102 1229 231 1300 excepta
250 1239 286 1281 ex
304 1219 389 1282 libris
407 1219 573 1283 Ptolomaei·
589 1223 678 1301 regie,
702 1225 754 1300 qni
772 1220 936 1300 Euergetes
957 1221 1121 1302 appellatus

103 1317 166 1392 est,
194 1311 304 1388 accipit
331 1309 418 1370 haec:
455 1308 526 1370 Snci
554 1329 591 1370 ex
619 1312 712 1370 moris
740 1310 810 1370 iacti
837 1319 868 1371 et
894 1313 925 1371 in
954 1310 1016 1372 sole
1043 1313 1121 1372 cocti

102 1396 137 1458 8
161 1416 257 1459 unum
281 1400 379 1479 semis,
402 1397 601 1478 glycyrrhizae
625 1401 691 1460 suci
713 1397 793 1479 llll,
817 1401 938 1460 corticis
957 1400 1026 1479 lycii
1044 1399 1071 1459 X
1091 1399 1120 1480 S,

103 1505 224 1566 myrrae
248 1486 454 1566 troglodytidis
476 1486 547 1567 xl,
574 1487 712 1549 aluminis
735 1489 799 1548 fissi
822 1487 893 1568 lil,
918 1488 1005 1549 nardi
1026 1488 1122 1549 lndici

60 1575 132 1638 raX
160 1575 195 1656 S,
228 1575 325 1636 mellis
353 1576 442 1636 Attici
469 1576 590 1654 cyathos
617 1576 687 1656 llll,
716 1579 775 1636 vini
802 1576 904 1636 malini
932 1576 1070 1656 cyathum
1099 1576 1120 1637 Ι.

104 1664 190 1735 Quae
213 1664 296 1724 arida
319 1673 398 1744 sunt,
422 1683 557 1725 seorsum
580 1673 722 1726 teruntur
745 1666 829 1725 etin
853 1683 947 1725 unum
965 1682 1033 1725 eorm
1053 1666 1121 1725 vino

104 1760 322 1833 temperantur,
348 1752 456 1814 deinde
478 1772 598 1833 passum
621 1754 669 1813 his
693 1753 873 1813 admiscetur
896 1761 927 1813 et
950 1763 1122 1831 coquuntur

105 1845 206 1903 omnia
225 1843 256 1902 in
275 1843 376 1902 cinere
395 1841 499 1923 calido,
518 1842 613 1904 donec
627 1841 723 1902 mellis
743 1841 966 1921 spissitudinem
985 1840 1121 1903 habeant.

104 1931 173 1991 Non
195 1939 315 2009 oportet
337 1939 435 1991 autem
458 1933 596 2010 ignorare
624 1931 714 1992 utiles
742 1948 808 1991 esse
837 1933 976 1992 arteriam
999 1930 1120 1991 inbecil-

62 2038 91 2077 ao
107 2021 166 2080 lam
183 2019 364 2080 habentibus
384 2021 574 2101 gestationes,
592 2019 854 2099 deambulationes,
874 2023 1008 2098 corporis
1027 2022 1120 2081 vocis·

106 2127 167 2188 que
186 2110 424 2188 exercitationes,
447 2111 595 2169 contraria
618 2117 718 2170 autem
741 2108 844 2170 balnea
865 2118 896 2171 et
914 2112 1021 2190 omnia,
1045 2127 1120 2188 qnae

106 2198 249 2258 videntur
272 2206 360 2276 caput
382 2197 497 2276 inplere
520 2197 566 2257 vel
589 2216 710 2258 umores
733 2200 871 2259 excitare.
909 2197 986 2258 Uvae
1010 2206 1040 2258 et
1059 2197 1120 2258 fau·
1139 2209 1175 2258 48

106 2289 188 2348 oium
213 2285 309 2345 dolori
327 2286 415 2346 limus
433 2304 587 2367 agnorum,
605 2289 779 2366 priusquam
798 2285 921 2347 herbam
942 2295 1072 2366 gustent,
1089 2289 1121 2347 in

107 2374 216 2436 umbra
244 2374 392 2434 arefactus
422 2383 453 2435 et
480 2375 644 2437 conirictus
672 2382 761 2455 atque
790 2374 943 2453 emplastri
966 2393 1048 2435 more
1073 2375 1121 2434 ad-

65 2480 93 2521 ra
107 2465 226 2543 positus
248 2462 393 2524 medetur.
435 2463 514 2524 Snoo
537 2462 654 2524 cocleae
679 2482 732 2524 acu
757 2465 937 2524 transfossae
960 2464 1042 2524 inlita
1064 2482 1121 2524 uva
1140 2475 1175 2522 49

108 2559 245 2632 sanatur,
274 2553 315 2611 ita
344 2561 378 2612 ut
404 2554 468 2631 ipsa
496 2551 588 2612 coclia
617 2555 647 2612 in
676 2553 758 2612 fumo
786 2561 888 2629 postea
913 2551 1121 2629 suspendatur.

106 2641 188 2702 Uvae
211 2639 415 2720 destillationi,
437 2659 514 2719 quae
537 2640 676 2702 omnibus
699 2640 761 2700 lere
784 2639 951 2718 periculosa
974 2647 1029 2720 est,
1053 2656 1122 2699 nam
1141 2649 1175 2699 50

108 2738 140 2791 et
162 2730 276 2809 pthisin
299 2737 331 2789 et
355 2731 492 2808 syntexin
515 2736 546 2790 et
568 2730 639 2790 alias
664 2727 802 2789 molestas
825 2727 1009 2788 valetudines
1033 2739 1123 2808 creat,

107 2826 236 2898 prosunt
263 2819 347 2898 porri
373 2819 478 2878 sectivi
504 2817 574 2878 lolia
601 2837 662 2878 non
690 2826 774 2879 cocta
802 2818 866 2878 sine
894 2834 970 2896 pane
998 2816 1122 2877 adsidue

68 2924 95 2964 ao
109 2906 296 2968 manducata.
334 2905 439 2967 Oleum
463 2905 591 2967 calidum
614 2909 651 2987 ei,
675 2908 727 2986 qui
751 2907 787 2967 de
811 2925 866 2967 uva
889 2914 919 2967 et
942 2908 1060 2967 arteriis
1083 2906 1122 2966 la·
1141 2916 1176 2965 at

107 2996 207 3076 horat,
236 2997 320 3056 eunti
347 2995 507 3056 dormitum
535 2997 567 3055 in
595 2994 753 3056 cerebrum
782 3004 812 3057 et
838 2998 869 3056 in
894 3014 982 3057 aures
1005 2995 1122 3057 infundi

107 3084 182 3146 utile
206 3093 261 3146 est.
299 3083 388 3144 Uram
411 3091 474 3144 toto
499 3101 575 3144 anno
599 3103 659 3144 non
682 3084 803 3164 dolebit,
828 3087 880 3164 qni
902 3103 971 3146 cum
993 3087 1123 3164 primum
1142 3095 1176 3145 ta

107 3191 195 3234 nram
219 3173 326 3234 viderit
348 3172 568 3254 procedentem,
592 3175 713 3234 sinistra
736 3192 826 3234 manu
845 3174 936 3253 digito
955 3174 1124 3234 medicinali

183 3323 384 3396 tglncerizae.
456 3325 622 3394 tglobolis.
693 3325 965 3380 8intercessionom.
1032 3327 1123 3379 esto-

108 3397 264 3452 machicae.
365 3401 399 3450 13
418 3397 515 3467 semis]
534 3395 656 3452 seminia.
761 3396 923 3465 glyceriaae.
1023 3396 1122 3465 lyciae.

110 3476 144 3523 14
157 3465 333 3523 troclodidis.
376 3472 409 3521 15
424 3466 539 3522 ciathos.
583 3467 682 3523 malini
695 3469 809 3538 scripsi:
823 3467 915 3522 melei.
963 3471 995 3520 18
1010 3468 1122 3523 habeat.

109 3546 143 3595 ts
162 3537 328 3594 inbioillnm.
401 3543 435 3592 28
453 3538 548 3608 tpiain.
