2609 4017
496 206 713 270 ..gy-

95 388 167 428 cum
196 370 244 427 ovi
271 376 379 447 aquato
406 368 521 447 liquore
550 388 604 448 per
626 388 668 429 se.
713 368 836 429 Necnon
859 378 890 429 et
911 369 969 430 hoc
992 370 1149 450 collyriod

96 456 221 535 quidam
240 458 270 516 in
290 458 384 517 initiis
403 466 538 532 utuntur,
563 458 641 537 quod
660 477 677 517 a
695 460 815 518 cinereo
834 456 934 518 colore
953 459 1114 537 spodiacon

97 544 279 624 appellatur,
302 547 482 624 conponitur
505 554 604 607 autem
627 565 663 606 ex
686 546 748 607 his:
777 546 914 607 Cadmiae
937 546 1115 627 botryitidos

97 644 184 695 ustae
213 652 304 713 super
332 642 422 715 tosta,
450 634 544 695 donec
573 635 743 715 candescat,
771 643 802 696 et
824 637 893 696 rino
916 634 1042 697 Falerno
1067 655 1114 697 ex·

70 725 211 783 stinctae
231 721 258 781 X
276 722 335 802 XL,
356 732 455 784 cretae
476 723 590 784 Samiae
601 742 700 803 apuam
719 732 815 785 astera
835 732 940 785 vocant
959 724 1115 806 XLXXX,

98 811 184 871 stibii
206 814 284 873 cocti
307 811 333 871 X
351 810 419 892 XX,
447 815 496 891 opi
516 812 541 871 X
560 812 596 894 V,
624 815 754 891 gummis
776 813 990 875 Alexandrinae
1009 813 1035 873 X
1053 813 1115 874 XX.

98 900 254 960 Teruntur
286 900 358 961 haec
390 903 488 961 omnia
521 900 642 980 pluviali
675 920 749 980 aqua
783 912 941 983 macerata,
979 902 1114 964 ultimum

99 991 214 1067 gummi
241 990 377 1050 adicitur.
422 991 498 1049 Ante
523 1008 592 1050 sane
616 998 715 1051 cetera
739 989 775 1051 ad
798 990 947 1052 levitatem
971 1010 1116 1053 summam

99 1085 238 1137 terantur
266 1086 296 1138 et
324 1096 360 1137 ne
388 1080 483 1157 prima
512 1078 644 1141 tunicula
673 1078 753 1140 oculi
780 1097 867 1139 exesa
895 1079 1001 1141 aliasve
1034 1079 1115 1141 exul-

63 1182 88 1223 ιο
103 1174 204 1226 cerata
233 1168 283 1246 sit,
313 1175 346 1227 ut
373 1185 482 1246 purum
511 1167 597 1228 ulcus
626 1169 673 1248 sit,
702 1168 826 1229 diluitur
853 1169 901 1228 ovi
929 1167 1007 1249 albo,
1037 1169 1116 1249 quod

100 1263 148 1315 est
171 1250 235 1315 iere
259 1257 475 1316 tenuissimum.
519 1254 680 1335 Collyrium
703 1258 895 1335 psittacinum
918 1276 935 1317 a
958 1258 1056 1318 colore
1075 1260 1116 1319 ita
1135 1271 1152 1319 6

101 1343 217 1404 dictum
241 1344 312 1404 iacit
334 1344 371 1405 ad
394 1346 536 1425 epiloras,
561 1364 635 1424 quae
661 1364 729 1406 cum
752 1348 836 1406 tenui
859 1356 889 1408 et
912 1349 974 1407 acri
996 1345 1117 1407 lacrima

102 1435 249 1512 existunt,
272 1434 342 1494 item
367 1432 402 1493 ad
427 1436 560 1494 ustiones
585 1441 614 1494 et
638 1433 750 1495 solutas
773 1437 929 1496 cicatrices
952 1445 982 1496 et
1003 1445 1118 1497 vastum

101 1529 260 1603 tumorem,
284 1522 363 1601 quod
381 1524 450 1601 quia
469 1521 535 1583 loco
553 1522 704 1584 interdum
723 1523 841 1584 ridetur
863 1523 1030 1603 propellere
1049 1543 1118 1585 ocu·

63 1623 88 1663 1⁵
102 1609 179 1691 lum,
208 1612 363 1689 proptosin
389 1619 508 1691 vocant,
537 1630 605 1671 cum
629 1614 676 1672 ori
699 1611 765 1672 albo
790 1612 869 1691 quod
893 1619 940 1672 est
961 1622 1052 1673 tenue
1075 1616 1118 1673 in·

100 1700 238 1781 ponitur,
266 1699 318 1760 sed
341 1702 502 1779 praecipue
526 1700 608 1779 lacit,
637 1719 705 1760 cum
730 1703 815 1778 quasi
843 1703 985 1779 sanguine
1014 1701 1120 1761 sullrrsi

100 1796 173 1848 sunt
198 1787 277 1848 oculi
301 1795 331 1848 et
354 1788 392 1849 ob
413 1788 444 1848 id
468 1788 581 1849 nullum
605 1791 664 1850 nisi
686 1788 872 1850 lenissimum
896 1788 1051 1869 collyrium
1069 1808 1118 1869 pa-

101 1878 235 1958 tiuntur,
262 1878 370 1955 recipit
397 1884 495 1938 autem
523 1877 609 1939 haec:
643 1876 730 1938 Croci
748 1877 774 1937 X
793 1877 860 1959 ΙΙΙΙ,
887 1878 1019 1939 cadmiae
1042 1878 1118 1940 lotae

102 1964 128 2024 X
148 1964 216 2044 llll,
239 1965 308 2026 stibi
327 1965 352 2025 X
372 1965 439 2045 llll,
458 1968 508 2044 opi
528 1966 552 2026 X
571 1966 610 2048 ΙΙ,
629 1969 758 2045 gummis
777 1966 803 2026 X
821 1966 861 2049 ll,
880 1966 971 2028 amuli
989 1970 1120 2030 recentis

62 2068 88 2107 20
103 2062 134 2114 et
162 2053 328 2115 dulcissimi
350 2053 376 2114 X
395 2054 458 2115 ΙΙΙΙ.
495 2054 607 2115 Eodem
632 2055 745 2135 ordine,
769 2074 828 2136 quo
852 2058 962 2136 scripta
987 2065 1065 2138 srrnt,
1089 2060 1121 2118 in

102 2145 247 2203 mortario
281 2142 390 2203 debent
423 2145 480 2205 teri
512 2162 548 2203 ex
571 2163 646 2224 aqua
670 2144 799 2222 pluviali.
845 2144 983 2206 Amulum
1012 2155 1120 2225 autem,

101 2250 185 2292 cum
203 2233 262 2291 iam
290 2232 462 2311 fingendum
490 2234 547 2293 erit
571 2232 740 2314 collyrium,
767 2234 921 2295 adicietur.
967 2234 1120 2296 Interdum

102 2328 203 2381 autam
230 2328 259 2380 et
281 2320 338 2381 hoc
363 2324 658 2401 superinunguanlur
682 2324 734 2401 qui
756 2324 842 2401 prius
864 2322 1043 2402 Athenippio
1068 2342 1118 2384 cu-

102 2411 162 2469 rati
194 2417 272 2470 sunt.
318 2408 372 2469 His
400 2410 463 2470 iere
492 2409 621 2489 collyriis
649 2410 767 2471 lenibus
799 2413 910 2492 omnia,
944 2430 1019 2490 quae
1052 2431 1121 2474 cum

65 2512 91 2553 as
106 2506 225 2558 tumore
249 2505 279 2558 et
302 2498 403 2558 dolore
427 2499 503 2558 liunt
526 2501 604 2559 circa
629 2499 740 2580 oculos,
764 2499 971 2560 remediamus.
1008 2499 1156 2562 Perua-⁷

103 2589 220 2646 ctiones
240 2586 394 2647 oculorum
413 2586 600 2666 lippientium
624 2590 685 2649 sire
709 2590 907 2667 inunctiones,
929 2605 1004 2666 quae
1023 2588 1120 2667 appel·

103 2676 206 2735 lantur
238 2675 409 2756 galacticae,
441 2675 612 2736 huiusmodi
645 2686 729 2737 sunt:
762 2674 1069 2753 CrocomagmatisX
1099 2675 1121 2756 1,

104 2782 222 2843 myrrae
251 2771 280 2824 et
308 2766 390 2827 croci
414 2763 438 2823 X
462 2763 526 2846 Vll,
555 2763 693 2826 aluminis
720 2764 783 2824 lissi
807 2762 833 2823 X
851 2763 901 2845 Vl,
929 2766 1006 2824 turis
1031 2763 1057 2824 X
1077 2764 1121 2845 Vl,

105 2855 234 2931 gummis
254 2851 280 2911 X
294 2852 343 2932 Vl,
363 2871 447 2914 rosae
466 2852 548 2914 lloris
568 2852 594 2913 X
608 2853 653 2914 Vl.
691 2852 765 2913 Vino
784 2852 856 2914 Chio
877 2871 936 2914 non
956 2854 1032 2915 salso
1052 2873 1121 2915 con·

65 2955 209 3020 sospersa
232 2949 373 3002 teruntur
396 2941 468 3003 haec
491 2944 589 3003 omnia
613 2941 784 3022 diligenter,
808 2942 914 3004 deinde
938 2944 1072 3005 coniecta
1090 2946 1122 3003 in

105 3028 236 3109 collyriis
267 3037 317 3091 aut
345 3030 444 3109 pilulis
474 3041 669 3111 reponuntur.
715 3031 875 3093 Perunctio
904 3033 1058 3094 oculorum
1086 3032 1157 3093 ada

105 3137 225 3178 omnem
248 3118 421 3197 epiphoram
446 3120 517 3181 satis
541 3119 635 3181 utilis:
667 3119 752 3181 Croci
780 3154 815 3163 -
842 3121 869 3200 l,
892 3140 1010 3182 murrae
1035 3120 1122 3201 -Ι,

106 3210 352 3285 crocomagmatis
374 3240 411 3251 —
433 3207 459 3290 l,
482 3210 560 3268 aeris
584 3208 666 3269 lloris
688 3241 726 3252 —
747 3208 773 3289 Ι,
794 3209 933 3270 aluminis
956 3211 1018 3271 lissi
1041 3242 1079 3251 -
1100 3210 1123 3288 Ι,

106 3298 184 3356 turis
205 3293 234 3356 t.
279 3295 324 3356 Ex
349 3299 415 3357 rino
434 3304 574 3357 teruntur
596 3297 671 3358 haec
689 3299 808 3377 optime.
847 3297 900 3358 His
920 3297 1044 3358 Cosmus
1062 3315 1123 3357 me-

179 3509 195 3555 3
215 3502 370 3571 botryidos.
457 3509 473 3557 5
491 3510 552 3572 post
571 3506 666 3559 astera
684 3504 748 3559 add.
768 3502 878 3557 samias.
966 3509 998 3557 12
1017 3503 1059 3575 et]
1079 3504 1124 3559 sit.

111 3578 143 3626 15
163 3572 349 3644 promptosin.
422 3578 456 3627 28
475 3571 616 3644 henippio.
691 3578 725 3628 27
744 3571 892 3644 galaticae.

1152 3770 1255 3971 s
