<?xml version="1.0" encoding="UTF-8"?>
<!DOCTYPE html PUBLIC "-//W3C//DTD XHTML 1.0 Transitional//EN"
    "http://www.w3.org/TR/xhtml1/DTD/xhtml1-transitional.dtd">
<html xmlns="http://www.w3.org/1999/xhtml" xml:lang="en" lang="en">
 <head>
  <title>
</title>
<meta http-equiv="Content-Type" content="text/html;charset=utf-8" />
  <meta name='ocr-system' content='tesseract 3.04.00' />
  <meta name='ocr-capabilities' content='ocr_page ocr_carea ocr_par ocr_line ocrx_word'/>
</head>
<body>
  <div class='ocr_page' id='page_1' title='image "./marcellidemedic03helmgoog_0051.png"; bbox 0 0 2609 4017; ppageno 0'>
   <div class='ocr_carea' id='block_1_1' title="bbox 507 185 729 251">
    <p class='ocr_par' dir='ltr' id='par_1_1' title="bbox 507 185 729 251">
     <span class='ocr_line' id='line_1_1' title="bbox 507 185 729 251; baseline 0 -18"><span class='ocrx_word' id='word_1_1' title='bbox 507 185 729 251; x_wconf 76' lang='grc'>..39-</span> 
     </span>
    </p>
   </div>
   <div class='ocr_carea' id='block_1_2' title="bbox 60 348 1179 3183">
    <p class='ocr_par' dir='ltr' id='par_1_2' title="bbox 60 348 1179 3183">
     <span class='ocr_line' id='line_1_2' title="bbox 108 348 1161 429; baseline 0 -17"><span class='ocrx_word' id='word_1_2' title='bbox 108 349 275 413; x_wconf 83' lang='lat' dir='ltr'><strong>sedandum</strong></span> <span class='ocrx_word' id='word_1_3' title='bbox 302 352 391 410; x_wconf 89' lang='lat' dir='ltr'><strong>etiam</strong></span> <span class='ocrx_word' id='word_1_4' title='bbox 418 350 450 409; x_wconf 88' lang='lat' dir='ltr'><strong>in</strong></span> <span class='ocrx_word' id='word_1_5' title='bbox 478 357 658 429; x_wconf 88' lang='lat' dir='ltr'><strong>perpetuum</strong></span> <span class='ocrx_word' id='word_1_6' title='bbox 680 348 812 428; x_wconf 91' lang='lat' dir='ltr'><strong>prodest.</strong></span> <span class='ocrx_word' id='word_1_7' title='bbox 858 348 920 409; x_wconf 85' lang='lat' dir='ltr'><strong>&#39;lus</strong></span> <span class='ocrx_word' id='word_1_8' title='bbox 943 357 974 409; x_wconf 87' lang='lat' dir='ltr'><strong>et</strong></span> <span class='ocrx_word' id='word_1_9' title='bbox 997 362 1161 429; x_wconf 70' lang='lat' dir='ltr'><strong>myrramt</strong></span> 
     </span>
     <span class='ocr_line' id='line_1_3' title="bbox 108 436 1127 518; baseline -0.001 -17"><span class='ocrx_word' id='word_1_10' title='bbox 108 448 140 501; x_wconf 89' lang='lat' dir='ltr'><strong>et</strong></span> <span class='ocrx_word' id='word_1_11' title='bbox 163 457 253 499; x_wconf 86' lang='lat' dir='ltr'><strong>ovum</strong></span> <span class='ocrx_word' id='word_1_12' title='bbox 272 437 360 499; x_wconf 90' lang='lat' dir='ltr'><strong>simul</strong></span> <span class='ocrx_word' id='word_1_13' title='bbox 378 446 459 499; x_wconf 88' lang='lat' dir='ltr'><strong>teres</strong></span> <span class='ocrx_word' id='word_1_14' title='bbox 478 447 508 499; x_wconf 86' lang='lat' dir='ltr'><strong>et</strong></span> <span class='ocrx_word' id='word_1_15' title='bbox 527 438 619 499; x_wconf 85' lang='lat' dir='ltr'><strong>fronti</strong></span> <span class='ocrx_word' id='word_1_16' title='bbox 636 438 762 500; x_wconf 76' lang='lat' dir='ltr'>induces</span> <span class='ocrx_word' id='word_1_17' title='bbox 780 438 826 498; x_wconf 82' lang='lat' dir='ltr'><strong>vel</strong></span> <span class='ocrx_word' id='word_1_18' title='bbox 844 436 1039 518; x_wconf 87' lang='lat' dir='ltr'><strong>temporibus,</strong></span> <span class='ocrx_word' id='word_1_19' title='bbox 1057 457 1127 500; x_wconf 91' lang='lat' dir='ltr'><strong>cum</strong></span> 
     </span>
     <span class='ocr_line' id='line_1_4' title="bbox 108 527 1162 607; baseline -0.003 -16"><span class='ocrx_word' id='word_1_20' title='bbox 108 527 229 591; x_wconf 85' lang='lat' dir='ltr'><strong>subitus</strong></span> <span class='ocrx_word' id='word_1_21' title='bbox 262 529 417 589; x_wconf 71' lang='lat' dir='ltr'><strong>emicranii</strong></span> <span class='ocrx_word' id='word_1_22' title='bbox 448 527 532 588; x_wconf 90' lang='lat' dir='ltr'><strong>dolor</strong></span> <span class='ocrx_word' id='word_1_23' title='bbox 564 528 663 589; x_wconf 82' lang='lat' dir='ltr'><strong>luerit</strong></span> <span class='ocrx_word' id='word_1_24' title='bbox 711 527 802 588; x_wconf 79' lang='lat' dir='ltr'><strong>Lases</strong></span> <span class='ocrx_word' id='word_1_25' title='bbox 830 527 1025 607; x_wconf 73' lang='lat' dir='ltr'><strong>Cyrenaicum</strong></span> <span class='ocrx_word' id='word_1_26' title='bbox 1057 540 1162 589; x_wconf 81' lang='lat' dir='ltr'><strong>cuma</strong></span> 
     </span>
     <span class='ocr_line' id='line_1_5' title="bbox 107 614 1163 695; baseline -0.003 -16"><span class='ocrx_word' id='word_1_27' title='bbox 107 626 193 679; x_wconf 86' lang='lat' dir='ltr'><strong>aceto</strong></span> <span class='ocrx_word' id='word_1_28' title='bbox 216 625 279 679; x_wconf 86' lang='lat' dir='ltr'><strong>tere</strong></span> <span class='ocrx_word' id='word_1_29' title='bbox 299 624 330 677; x_wconf 90' lang='lat' dir='ltr'><strong>et</strong></span> <span class='ocrx_word' id='word_1_30' title='bbox 347 616 439 678; x_wconf 86' lang='lat' dir='ltr'><strong>inlice</strong></span> <span class='ocrx_word' id='word_1_31' title='bbox 459 617 587 677; x_wconf 88' lang='lat' dir='ltr'><strong>lrcntem</strong></span> <span class='ocrx_word' id='word_1_32' title='bbox 606 634 676 677; x_wconf 91' lang='lat' dir='ltr'><strong>cum</strong></span> <span class='ocrx_word' id='word_1_33' title='bbox 693 616 886 695; x_wconf 76' lang='lat' dir='ltr'><strong>temporibus.</strong></span> <span class='ocrx_word' id='word_1_34' title='bbox 923 614 1126 678; x_wconf 81' lang='lat' dir='ltr'><strong>Emicranium</strong></span> <span class='ocrx_word' id='word_1_35' title='bbox 1145 628 1163 676; x_wconf 85' lang='lat'>4</span> 
     </span>
     <span class='ocr_line' id='line_1_6' title="bbox 72 707 1127 785; baseline 0.002 -21"><span class='ocrx_word' id='word_1_36' title='bbox 72 709 209 769; x_wconf 76' lang='lat' dir='ltr'><strong>ostatim</strong></span> <span class='ocrx_word' id='word_1_37' title='bbox 237 713 343 767; x_wconf 87' lang='lat' dir='ltr'><strong>curant</strong></span> <span class='ocrx_word' id='word_1_38' title='bbox 371 722 487 766; x_wconf 87' lang='lat' dir='ltr'><strong>vermes</strong></span> <span class='ocrx_word' id='word_1_39' title='bbox 515 708 628 767; x_wconf 86' lang='lat' dir='ltr'><strong>terreni</strong></span> <span class='ocrx_word' id='word_1_40' title='bbox 656 707 722 785; x_wconf 89' lang='lat' dir='ltr'><strong>pari</strong></span> <span class='ocrx_word' id='word_1_41' title='bbox 744 724 869 766; x_wconf 88' lang='lat' dir='ltr'><strong>numero</strong></span> <span class='ocrx_word' id='word_1_42' title='bbox 892 707 1013 766; x_wconf 86' lang='lat' dir='ltr'><strong>sinistra</strong></span> <span class='ocrx_word' id='word_1_43' title='bbox 1036 724 1127 766; x_wconf 89' lang='lat' dir='ltr'><strong>manu</strong></span> 
     </span>
     <span class='ocr_line' id='line_1_7' title="bbox 104 793 1126 857; baseline -0.002 0"><span class='ocrx_word' id='word_1_44' title='bbox 104 798 178 857; x_wconf 89' lang='lat' dir='ltr'><strong>lecti</strong></span> <span class='ocrx_word' id='word_1_45' title='bbox 205 803 236 855; x_wconf 90' lang='lat' dir='ltr'><strong>et</strong></span> <span class='ocrx_word' id='word_1_46' title='bbox 262 798 293 855; x_wconf 92' lang='lat' dir='ltr'><strong>in</strong></span> <span class='ocrx_word' id='word_1_47' title='bbox 317 795 418 855; x_wconf 88' lang='lat' dir='ltr'><strong>limine</strong></span> <span class='ocrx_word' id='word_1_48' title='bbox 442 812 509 855; x_wconf 91' lang='lat' dir='ltr'><strong>cum</strong></span> <span class='ocrx_word' id='word_1_49' title='bbox 532 803 614 855; x_wconf 92' lang='lat' dir='ltr'><strong>terra</strong></span> <span class='ocrx_word' id='word_1_50' title='bbox 638 794 675 854; x_wconf 92' lang='lat' dir='ltr'><strong>de</strong></span> <span class='ocrx_word' id='word_1_51' title='bbox 698 793 800 855; x_wconf 88' lang='lat' dir='ltr'><strong>limine</strong></span> <span class='ocrx_word' id='word_1_52' title='bbox 822 794 926 855; x_wconf 85' lang='lat' dir='ltr'><strong>eadem</strong></span> <span class='ocrx_word' id='word_1_53' title='bbox 949 812 1039 856; x_wconf 88' lang='lat' dir='ltr'><strong>manu</strong></span> <span class='ocrx_word' id='word_1_54' title='bbox 1061 797 1126 856; x_wconf 82' lang='lat' dir='ltr'><strong>triti</strong></span> 
     </span>
     <span class='ocr_line' id='line_1_8' title="bbox 105 883 1127 962; baseline -0.001 -16"><span class='ocrx_word' id='word_1_55' title='bbox 105 894 138 946; x_wconf 84' lang='lat' dir='ltr'><strong>et</strong></span> <span class='ocrx_word' id='word_1_56' title='bbox 165 902 235 945; x_wconf 90' lang='lat' dir='ltr'><strong>eum</strong></span> <span class='ocrx_word' id='word_1_57' title='bbox 262 894 346 944; x_wconf 87' lang='lat' dir='ltr'><strong>aceto</strong></span> <span class='ocrx_word' id='word_1_58' title='bbox 374 884 484 962; x_wconf 91' lang='lat' dir='ltr'><strong>optimo</strong></span> <span class='ocrx_word' id='word_1_59' title='bbox 512 883 615 943; x_wconf 85' lang='lat' dir='ltr'><strong>eadem</strong></span> <span class='ocrx_word' id='word_1_60' title='bbox 643 900 733 945; x_wconf 87' lang='lat' dir='ltr'><strong>mauu</strong></span> <span class='ocrx_word' id='word_1_61' title='bbox 756 883 849 944; x_wconf 82' lang='lat' dir='ltr'><strong>fronti</strong></span> <span class='ocrx_word' id='word_1_62' title='bbox 870 883 917 943; x_wconf 85' lang='lat' dir='ltr'><strong>rol</strong></span> <span class='ocrx_word' id='word_1_63' title='bbox 939 883 1127 962; x_wconf 81' lang='lat' dir='ltr'><strong>temporibus</strong></span> 
     </span>
     <span class='ocr_line' id='line_1_9' title="bbox 104 970 1161 1055; baseline 0 -21"><span class='ocrx_word' id='word_1_64' title='bbox 104 973 198 1055; x_wconf 88' lang='lat' dir='ltr'><strong>inliti,</strong></span> <span class='ocrx_word' id='word_1_65' title='bbox 227 990 295 1033; x_wconf 90' lang='lat' dir='ltr'><strong>cum</strong></span> <span class='ocrx_word' id='word_1_66' title='bbox 319 971 403 1032; x_wconf 91' lang='lat' dir='ltr'><strong>dolor</strong></span> <span class='ocrx_word' id='word_1_67' title='bbox 426 971 553 1050; x_wconf 77' lang='lat' dir='ltr'><strong>urgebit.</strong></span> <span class='ocrx_word' id='word_1_68' title='bbox 590 970 709 1033; x_wconf 89' lang='lat' dir='ltr'><strong>Fimum</strong></span> <span class='ocrx_word' id='word_1_69' title='bbox 733 970 778 1032; x_wconf 89' lang='lat' dir='ltr'><strong>vel</strong></span> <span class='ocrx_word' id='word_1_70' title='bbox 801 973 934 1033; x_wconf 87' lang='lat' dir='ltr'><strong>cinerem</strong></span> <span class='ocrx_word' id='word_1_71' title='bbox 956 971 1125 1033; x_wconf 84' lang='lat' dir='ltr'><strong>coclearum</strong></span> <span class='ocrx_word' id='word_1_72' title='bbox 1145 985 1161 1034; x_wconf 81' lang='lat' dir='ltr'><strong>b</strong></span> 
     </span>
     <span class='ocr_line' id='line_1_10' title="bbox 105 1060 1125 1141; baseline -0.001 -18"><span class='ocrx_word' id='word_1_73' title='bbox 105 1072 138 1123; x_wconf 89' lang='lat' dir='ltr'><strong>et</strong></span> <span class='ocrx_word' id='word_1_74' title='bbox 160 1080 287 1141; x_wconf 64' lang='lat' dir='ltr'><strong>mcum</strong></span> <span class='ocrx_word' id='word_1_75' title='bbox 310 1062 428 1140; x_wconf 77' lang='lat' dir='ltr'><strong>senapis</strong></span> <span class='ocrx_word' id='word_1_76' title='bbox 451 1078 520 1121; x_wconf 92' lang='lat' dir='ltr'><strong>cum</strong></span> <span class='ocrx_word' id='word_1_77' title='bbox 543 1068 626 1121; x_wconf 84' lang='lat' dir='ltr'><strong>aceto</strong></span> <span class='ocrx_word' id='word_1_78' title='bbox 651 1060 688 1121; x_wconf 78' lang='lat' dir='ltr'><strong>ad</strong></span> <span class='ocrx_word' id='word_1_79' title='bbox 711 1068 813 1121; x_wconf 80' lang='lat' dir='ltr'><strong>ternos</strong></span> <span class='ocrx_word' id='word_1_80' title='bbox 832 1061 980 1140; x_wconf 89' lang='lat' dir='ltr'><strong>scripulos</strong></span> <span class='ocrx_word' id='word_1_81' title='bbox 998 1063 1125 1122; x_wconf 89' lang='lat' dir='ltr'><strong>miseere</strong></span> 
     </span>
     <span class='ocr_line' id='line_1_11' title="bbox 60 1148 1159 1229; baseline 0.005 -24"><span class='ocrx_word' id='word_1_82' title='bbox 60 1166 90 1207; x_wconf 83' lang='lat'><strong>1⁰</strong></span> <span class='ocrx_word' id='word_1_83' title='bbox 105 1160 138 1212; x_wconf 89' lang='lat' dir='ltr'><strong>et</strong></span> <span class='ocrx_word' id='word_1_84' title='bbox 160 1150 346 1229; x_wconf 83' lang='lat' dir='ltr'><strong>temporibus</strong></span> <span class='ocrx_word' id='word_1_85' title='bbox 369 1149 489 1210; x_wconf 89' lang='lat' dir='ltr'><strong>inlinire</strong></span> <span class='ocrx_word' id='word_1_86' title='bbox 512 1149 643 1229; x_wconf 89' lang='lat' dir='ltr'><strong>prodest.</strong></span> <span class='ocrx_word' id='word_1_87' title='bbox 680 1148 779 1210; x_wconf 87' lang='lat' dir='ltr'><strong>Herba</strong></span> <span class='ocrx_word' id='word_1_88' title='bbox 803 1157 937 1211; x_wconf 88' lang='lat' dir='ltr'><strong>strumus</strong></span> <span class='ocrx_word' id='word_1_89' title='bbox 954 1159 987 1211; x_wconf 81' lang='lat' dir='ltr'><strong>et</strong></span> <span class='ocrx_word' id='word_1_90' title='bbox 1005 1159 1123 1211; x_wconf 79' lang='lat' dir='ltr'><strong>stercus</strong></span> <span class='ocrx_word' id='word_1_91' title='bbox 1143 1164 1159 1212; x_wconf 82' lang='lat'>6</span> 
     </span>
     <span class='ocr_line' id='line_1_12' title="bbox 105 1238 1124 1301; baseline 0 -1"><span class='ocrx_word' id='word_1_92' title='bbox 105 1241 260 1301; x_wconf 91' lang='lat' dir='ltr'><strong>murinum</strong></span> <span class='ocrx_word' id='word_1_93' title='bbox 283 1240 411 1299; x_wconf 85' lang='lat' dir='ltr'><strong>coutrita</strong></span> <span class='ocrx_word' id='word_1_94' title='bbox 429 1247 459 1299; x_wconf 87' lang='lat' dir='ltr'><strong>et</strong></span> <span class='ocrx_word' id='word_1_95' title='bbox 478 1256 514 1299; x_wconf 83' lang='lat' dir='ltr'><strong>ex</strong></span> <span class='ocrx_word' id='word_1_96' title='bbox 533 1246 617 1299; x_wconf 90' lang='lat' dir='ltr'><strong>aceto</strong></span> <span class='ocrx_word' id='word_1_97' title='bbox 637 1239 728 1299; x_wconf 86' lang='lat' dir='ltr'><strong>fronti</strong></span> <span class='ocrx_word' id='word_1_98' title='bbox 746 1238 828 1299; x_wconf 85' lang='lat' dir='ltr'><strong>inlita</strong></span> <span class='ocrx_word' id='word_1_99' title='bbox 848 1239 987 1300; x_wconf 75' lang='lat' dir='ltr'><strong>celeriter</strong></span> <span class='ocrx_word' id='word_1_100' title='bbox 1006 1238 1124 1300; x_wconf 88' lang='lat' dir='ltr'><strong>dolores</strong></span> 
     </span>
     <span class='ocr_line' id='line_1_13' title="bbox 104 1326 1158 1408; baseline 0 -18"><span class='ocrx_word' id='word_1_101' title='bbox 104 1332 196 1390; x_wconf 86' lang='lat' dir='ltr'><strong>eliam</strong></span> <span class='ocrx_word' id='word_1_102' title='bbox 225 1329 405 1388; x_wconf 87' lang='lat' dir='ltr'><strong>eterocranii</strong></span> <span class='ocrx_word' id='word_1_103' title='bbox 431 1326 558 1389; x_wconf 86' lang='lat' dir='ltr'><strong>abolent.</strong></span> <span class='ocrx_word' id='word_1_104' title='bbox 604 1326 740 1388; x_wconf 81' lang='lat' dir='ltr'><strong>Ossicula</strong></span> <span class='ocrx_word' id='word_1_105' title='bbox 768 1329 799 1387; x_wconf 91' lang='lat' dir='ltr'><strong>in</strong></span> <span class='ocrx_word' id='word_1_106' title='bbox 827 1330 924 1406; x_wconf 83' lang='lat' dir='ltr'><strong>capite</strong></span> <span class='ocrx_word' id='word_1_107' title='bbox 950 1330 1036 1408; x_wconf 89' lang='lat' dir='ltr'><strong>porci</strong></span> <span class='ocrx_word' id='word_1_108' title='bbox 1062 1328 1158 1390; x_wconf 71' lang='lat' dir='ltr'><strong>duci</strong></span> 
     </span>
     <span class='ocr_line' id='line_1_14' title="bbox 104 1416 1125 1495; baseline -0.001 -17"><span class='ocrx_word' id='word_1_109' title='bbox 104 1416 284 1478; x_wconf 83' lang='lat' dir='ltr'><strong>naturaliter</strong></span> <span class='ocrx_word' id='word_1_110' title='bbox 301 1416 396 1477; x_wconf 85' lang='lat' dir='ltr'><strong>lerata</strong></span> <span class='ocrx_word' id='word_1_111' title='bbox 414 1417 617 1495; x_wconf 87' lang='lat' dir='ltr'><strong>inveniuntur,</strong></span> <span class='ocrx_word' id='word_1_112' title='bbox 640 1416 671 1476; x_wconf 92' lang='lat' dir='ltr'><strong>id</strong></span> <span class='ocrx_word' id='word_1_113' title='bbox 691 1424 737 1477; x_wconf 88' lang='lat' dir='ltr'><strong>est</strong></span> <span class='ocrx_word' id='word_1_114' title='bbox 755 1434 849 1477; x_wconf 91' lang='lat' dir='ltr'><strong>unum</strong></span> <span class='ocrx_word' id='word_1_115' title='bbox 867 1419 898 1477; x_wconf 92' lang='lat' dir='ltr'><strong>in</strong></span> <span class='ocrx_word' id='word_1_116' title='bbox 917 1416 1022 1477; x_wconf 78' lang='lat' dir='ltr'><strong>dextra</strong></span> <span class='ocrx_word' id='word_1_117' title='bbox 1040 1427 1125 1495; x_wconf 87' lang='lat' dir='ltr'><strong>parte</strong></span> 
     </span>
     <span class='ocr_line' id='line_1_15' title="bbox 105 1505 1126 1585; baseline -0.002 -17"><span class='ocrx_word' id='word_1_118' title='bbox 105 1514 138 1568; x_wconf 85' lang='lat' dir='ltr'><strong>et</strong></span> <span class='ocrx_word' id='word_1_119' title='bbox 160 1505 240 1567; x_wconf 93' lang='lat' dir='ltr'><strong>aliud</strong></span> <span class='ocrx_word' id='word_1_120' title='bbox 264 1508 295 1566; x_wconf 88' lang='lat' dir='ltr'><strong>in</strong></span> <span class='ocrx_word' id='word_1_121' title='bbox 319 1506 453 1566; x_wconf 84' lang='lat' dir='ltr'><strong>sinistra:</strong></span> <span class='ocrx_word' id='word_1_122' title='bbox 477 1522 552 1584; x_wconf 85' lang='lat' dir='ltr'><strong>quae</strong></span> <span class='ocrx_word' id='word_1_123' title='bbox 576 1512 694 1583; x_wconf 87' lang='lat' dir='ltr'><strong>reperta</strong></span> <span class='ocrx_word' id='word_1_124' title='bbox 716 1512 746 1565; x_wconf 92' lang='lat' dir='ltr'><strong>et</strong></span> <span class='ocrx_word' id='word_1_125' title='bbox 764 1508 895 1585; x_wconf 84' lang='lat' dir='ltr'><strong>reposita</strong></span> <span class='ocrx_word' id='word_1_126' title='bbox 913 1514 945 1566; x_wconf 90' lang='lat' dir='ltr'><strong>et</strong></span> <span class='ocrx_word' id='word_1_127' title='bbox 962 1517 1126 1584; x_wconf 81' lang='lat' dir='ltr'><strong>oum&#39;cpus</strong></span> 
     </span>
     <span class='ocr_line' id='line_1_16' title="bbox 63 1592 1126 1675; baseline 0.005 -25"><span class='ocrx_word' id='word_1_128' title='bbox 63 1595 209 1675; x_wconf 70' lang='lat' dir='ltr'><strong>minerii,</strong></span> <span class='ocrx_word' id='word_1_129' title='bbox 231 1594 302 1655; x_wconf 89' lang='lat' dir='ltr'><strong>licio</strong></span> <span class='ocrx_word' id='word_1_130' title='bbox 324 1610 469 1673; x_wconf 81' lang='lat' dir='ltr'><strong>strspeusa</strong></span> <span class='ocrx_word' id='word_1_131' title='bbox 492 1592 647 1654; x_wconf 85' lang='lat' dir='ltr'><strong>medellam</strong></span> <span class='ocrx_word' id='word_1_132' title='bbox 671 1595 770 1673; x_wconf 85' lang='lat' dir='ltr'><strong>capiti,</strong></span> <span class='ocrx_word' id='word_1_133' title='bbox 790 1603 883 1673; x_wconf 84' lang='lat' dir='ltr'><strong>prout</strong></span> <span class='ocrx_word' id='word_1_134' title='bbox 904 1596 1024 1654; x_wconf 81' lang='lat' dir='ltr'><strong>iuventa</strong></span> <span class='ocrx_word' id='word_1_135' title='bbox 1047 1604 1126 1673; x_wconf 85' lang='lat' dir='ltr'><strong>sunt,</strong></span> 
     </span>
     <span class='ocr_line' id='line_1_17' title="bbox 102 1681 1126 1764; baseline -0.001 -20"><span class='ocrx_word' id='word_1_136' title='bbox 102 1692 277 1764; x_wconf 86' lang='lat' dir='ltr'><strong>praestant,</strong></span> <span class='ocrx_word' id='word_1_137' title='bbox 309 1682 340 1742; x_wconf 93' lang='lat' dir='ltr'><strong>id</strong></span> <span class='ocrx_word' id='word_1_138' title='bbox 373 1691 421 1743; x_wconf 88' lang='lat' dir='ltr'><strong>est</strong></span> <span class='ocrx_word' id='word_1_139' title='bbox 451 1682 590 1743; x_wconf 82' lang='lat' dir='ltr'><strong>dextrum</strong></span> <span class='ocrx_word' id='word_1_140' title='bbox 624 1681 764 1742; x_wconf 79' lang='lat' dir='ltr'><strong>dexterae</strong></span> <span class='ocrx_word' id='word_1_141' title='bbox 795 1684 876 1760; x_wconf 84' lang='lat' dir='ltr'><strong>parti</strong></span> <span class='ocrx_word' id='word_1_142' title='bbox 906 1689 938 1742; x_wconf 91' lang='lat' dir='ltr'><strong>et</strong></span> <span class='ocrx_word' id='word_1_143' title='bbox 970 1684 1126 1743; x_wconf 86' lang='lat' dir='ltr'><strong>sinistrum</strong></span> 
     </span>
     <span class='ocr_line' id='line_1_18' title="bbox 104 1769 1126 1851; baseline -0.002 -18"><span class='ocrx_word' id='word_1_144' title='bbox 104 1774 260 1851; x_wconf 79' lang='lat' dir='ltr'><strong>sinistrae3</strong></span> <span class='ocrx_word' id='word_1_145' title='bbox 289 1770 342 1831; x_wconf 84' lang='lat' dir='ltr'><strong>sed</strong></span> <span class='ocrx_word' id='word_1_146' title='bbox 371 1779 545 1850; x_wconf 81' lang='lat' dir='ltr'><strong>praetorto</strong></span> <span class='ocrx_word' id='word_1_147' title='bbox 575 1779 605 1831; x_wconf 83' lang='lat' dir='ltr'><strong>et</strong></span> <span class='ocrx_word' id='word_1_148' title='bbox 632 1788 754 1849; x_wconf 78' lang='lat' dir='ltr'><strong>aegrum</strong></span> <span class='ocrx_word' id='word_1_149' title='bbox 782 1769 918 1830; x_wconf 85' lang='lat' dir='ltr'><strong>ossicula</strong></span> <span class='ocrx_word' id='word_1_150' title='bbox 934 1772 1042 1831; x_wconf 88' lang='lat' dir='ltr'><strong>tertius</strong></span> <span class='ocrx_word' id='word_1_151' title='bbox 1065 1789 1126 1832; x_wconf 91' lang='lat' dir='ltr'><strong>uon</strong></span> 
     </span>
     <span class='ocr_line' id='line_1_19' title="bbox 104 1858 1126 1941; baseline 0 -19"><span class='ocrx_word' id='word_1_152' title='bbox 104 1863 274 1941; x_wconf 75' lang='lat' dir='ltr'><strong>contingat,</strong></span> <span class='ocrx_word' id='word_1_153' title='bbox 303 1876 378 1939; x_wconf 87' lang='lat' dir='ltr'><strong>quae</strong></span> <span class='ocrx_word' id='word_1_154' title='bbox 401 1860 437 1921; x_wconf 83' lang='lat' dir='ltr'><strong>ad</strong></span> <span class='ocrx_word' id='word_1_155' title='bbox 461 1860 536 1921; x_wconf 85' lang='lat' dir='ltr'><strong>bane</strong></span> <span class='ocrx_word' id='word_1_156' title='bbox 559 1861 769 1920; x_wconf 85' lang='lat' dir='ltr'><strong>necessitatem</strong></span> <span class='ocrx_word' id='word_1_157' title='bbox 792 1858 892 1937; x_wconf 75' lang='lat' dir='ltr'><strong>colligi</strong></span> <span class='ocrx_word' id='word_1_158' title='bbox 914 1858 1073 1938; x_wconf 74' lang='lat' dir='ltr'><strong>diligenter</strong></span> <span class='ocrx_word' id='word_1_159' title='bbox 1095 1870 1126 1922; x_wconf 90' lang='lat' dir='ltr'><strong>et</strong></span> 
     </span>
     <span class='ocr_line' id='line_1_20' title="bbox 106 1946 1162 2031; baseline 0 -21"><span class='ocrx_word' id='word_1_160' title='bbox 106 1951 222 2011; x_wconf 86' lang='lat' dir='ltr'><strong>servari</strong></span> <span class='ocrx_word' id='word_1_161' title='bbox 240 1948 357 2009; x_wconf 86' lang='lat' dir='ltr'><strong>debent.</strong></span> <span class='ocrx_word' id='word_1_162' title='bbox 390 1949 506 2029; x_wconf 90' lang='lat' dir='ltr'><strong>Piperis</strong></span> <span class='ocrx_word' id='word_1_163' title='bbox 520 1964 611 2027; x_wconf 76' lang='lat' dir='ltr'><strong>grana</strong></span> <span class='ocrx_word' id='word_1_164' title='bbox 625 1946 706 2027; x_wconf 81' lang='lat' dir='ltr'><strong>XXl,</strong></span> <span class='ocrx_word' id='word_1_165' title='bbox 725 1950 838 2009; x_wconf 84' lang='lat' dir='ltr'><strong>murini</strong></span> <span class='ocrx_word' id='word_1_166' title='bbox 849 1949 914 2009; x_wconf 74' lang='lat' dir='ltr'><strong>fimi</strong></span> <span class='ocrx_word' id='word_1_167' title='bbox 927 1948 1034 2028; x_wconf 77' lang='lat' dir='ltr'><strong>pilulas</strong></span> <span class='ocrx_word' id='word_1_168' title='bbox 1047 1948 1125 2031; x_wconf 69' lang='lat' dir='ltr'><strong>xxi,</strong></span> <span class='ocrx_word' id='word_1_169' title='bbox 1144 1962 1162 2011; x_wconf 82' lang='lat'>8</span> 
     </span>
     <span class='ocr_line' id='line_1_21' title="bbox 61 2036 1125 2119; baseline 0.005 -25"><span class='ocrx_word' id='word_1_170' title='bbox 61 2053 91 2094; x_wconf 84' lang='lat' dir='ltr'><strong>so</strong></span> <span class='ocrx_word' id='word_1_171' title='bbox 107 2040 222 2119; x_wconf 84' lang='lat' dir='ltr'><strong>sinapis</strong></span> <span class='ocrx_word' id='word_1_172' title='bbox 255 2046 400 2117; x_wconf 82' lang='lat' dir='ltr'><strong>quantum</strong></span> <span class='ocrx_word' id='word_1_173' title='bbox 432 2037 529 2098; x_wconf 86' lang='lat' dir='ltr'><strong>tribus</strong></span> <span class='ocrx_word' id='word_1_174' title='bbox 562 2038 662 2116; x_wconf 76' lang='lat' dir='ltr'><strong>digitis</strong></span> <span class='ocrx_word' id='word_1_175' title='bbox 693 2040 792 2117; x_wconf 85' lang='lat' dir='ltr'><strong>possis</strong></span> <span class='ocrx_word' id='word_1_176' title='bbox 825 2036 943 2119; x_wconf 84' lang='lat' dir='ltr'><strong>tollere,</strong></span> <span class='ocrx_word' id='word_1_177' title='bbox 981 2046 1061 2099; x_wconf 85' lang='lat' dir='ltr'><strong>teres</strong></span> <span class='ocrx_word' id='word_1_178' title='bbox 1093 2047 1125 2099; x_wconf 91' lang='lat' dir='ltr'><strong>et</strong></span> 
     </span>
     <span class='ocr_line' id='line_1_22' title="bbox 105 2125 1123 2209; baseline -0.001 -20"><span class='ocrx_word' id='word_1_179' title='bbox 105 2138 191 2189; x_wconf 88' lang='lat' dir='ltr'><strong>aceto</strong></span> <span class='ocrx_word' id='word_1_180' title='bbox 220 2128 282 2187; x_wconf 88' lang='lat' dir='ltr'><strong>aori</strong></span> <span class='ocrx_word' id='word_1_181' title='bbox 307 2126 342 2187; x_wconf 88' lang='lat' dir='ltr'><strong>ad</strong></span> <span class='ocrx_word' id='word_1_182' title='bbox 366 2128 460 2187; x_wconf 85' lang='lat' dir='ltr'><strong>cerati</strong></span> <span class='ocrx_word' id='word_1_183' title='bbox 483 2126 604 2186; x_wconf 88' lang='lat' dir='ltr'><strong>modum</strong></span> <span class='ocrx_word' id='word_1_184' title='bbox 626 2125 823 2205; x_wconf 85' lang='lat' dir='ltr'><strong>permiscebis</strong></span> <span class='ocrx_word' id='word_1_185' title='bbox 846 2135 877 2187; x_wconf 90' lang='lat' dir='ltr'><strong>et</strong></span> <span class='ocrx_word' id='word_1_186' title='bbox 898 2128 940 2187; x_wconf 88' lang='lat' dir='ltr'><strong>ita</strong></span> <span class='ocrx_word' id='word_1_187' title='bbox 954 2126 1056 2209; x_wconf 22' lang='lat' dir='ltr'><strong>,fiunti</strong></span> <span class='ocrx_word' id='word_1_188' title='bbox 1078 2130 1123 2188; x_wconf 91' lang='lat' dir='ltr'><strong>in·</strong></span> 
     </span>
     <span class='ocr_line' id='line_1_23' title="bbox 104 2214 1160 2297; baseline 0.002 -20"><span class='ocrx_word' id='word_1_189' title='bbox 104 2232 201 2297; x_wconf 88' lang='lat' dir='ltr'><strong>pones</strong></span> <span class='ocrx_word' id='word_1_190' title='bbox 229 2225 260 2276; x_wconf 84' lang='lat' dir='ltr'><strong>et</strong></span> <span class='ocrx_word' id='word_1_191' title='bbox 287 2214 367 2277; x_wconf 85' lang='lat' dir='ltr'><strong>aluta</strong></span> <span class='ocrx_word' id='word_1_192' title='bbox 395 2215 524 2293; x_wconf 84' lang='lat' dir='ltr'><strong>desuper</strong></span> <span class='ocrx_word' id='word_1_193' title='bbox 548 2223 639 2294; x_wconf 75' lang='lat' dir='ltr'><strong>teges.</strong></span> <span class='ocrx_word' id='word_1_194' title='bbox 676 2215 794 2276; x_wconf 82' lang='lat' dir='ltr'><strong>baseris</strong></span> <span class='ocrx_word' id='word_1_195' title='bbox 817 2231 942 2295; x_wconf 80' lang='lat' dir='ltr'><strong>granum</strong></span> <span class='ocrx_word' id='word_1_196' title='bbox 964 2216 1160 2279; x_wconf 77' lang='lat' dir='ltr'><strong>medicina-a</strong></span> 
     </span>
     <span class='ocr_line' id='line_1_24' title="bbox 104 2304 1125 2386; baseline 0 -20"><span class='ocrx_word' id='word_1_197' title='bbox 104 2306 186 2367; x_wconf 87' lang='lat' dir='ltr'><strong>libus</strong></span> <span class='ocrx_word' id='word_1_198' title='bbox 214 2304 315 2383; x_wconf 79' lang='lat' dir='ltr'><strong>digitis</strong></span> <span class='ocrx_word' id='word_1_199' title='bbox 343 2306 409 2365; x_wconf 88' lang='lat' dir='ltr'><strong>auri</strong></span> <span class='ocrx_word' id='word_1_200' title='bbox 437 2305 515 2363; x_wconf 89' lang='lat' dir='ltr'><strong>inice</strong></span> <span class='ocrx_word' id='word_1_201' title='bbox 543 2322 580 2364; x_wconf 87' lang='lat' dir='ltr'><strong>ex</strong></span> <span class='ocrx_word' id='word_1_202' title='bbox 608 2322 643 2365; x_wconf 86' lang='lat' dir='ltr'><strong>ea</strong></span> <span class='ocrx_word' id='word_1_203' title='bbox 670 2313 768 2383; x_wconf 88' lang='lat' dir='ltr'><strong>parte,</strong></span> <span class='ocrx_word' id='word_1_204' title='bbox 801 2322 860 2383; x_wconf 89' lang='lat' dir='ltr'><strong>qua</strong></span> <span class='ocrx_word' id='word_1_205' title='bbox 887 2313 977 2383; x_wconf 87' lang='lat' dir='ltr'><strong>caput</strong></span> <span class='ocrx_word' id='word_1_206' title='bbox 1004 2304 1125 2386; x_wconf 81' lang='lat' dir='ltr'><strong>dolebit,</strong></span> 
     </span>
     <span class='ocr_line' id='line_1_25' title="bbox 106 2391 1179 2472; baseline -0.001 -17"><span class='ocrx_word' id='word_1_207' title='bbox 106 2396 207 2455; x_wconf 75' lang='lat' dir='ltr'><strong>statim</strong></span> <span class='ocrx_word' id='word_1_208' title='bbox 230 2392 373 2472; x_wconf 80' lang='lat' dir='ltr'><strong>proderit</strong></span> <span class='ocrx_word' id='word_1_209' title='bbox 411 2391 527 2453; x_wconf 84' lang='lat' dir='ltr'><strong>Herbne</strong></span> <span class='ocrx_word' id='word_1_210' title='bbox 550 2391 672 2454; x_wconf 81' lang='lat' dir='ltr'><strong>meliloti</strong></span> <span class='ocrx_word' id='word_1_211' title='bbox 696 2395 838 2454; x_wconf 79' lang='lat' dir='ltr'><strong>interiora</strong></span> <span class='ocrx_word' id='word_1_212' title='bbox 861 2401 892 2454; x_wconf 85' lang='lat' dir='ltr'><strong>ct</strong></span> <span class='ocrx_word' id='word_1_213' title='bbox 914 2396 963 2453; x_wconf 77' lang='lat' dir='ltr'><strong>ori</strong></span> <span class='ocrx_word' id='word_1_214' title='bbox 985 2396 1064 2455; x_wconf 82' lang='lat' dir='ltr'><strong>cocti</strong></span> <span class='ocrx_word' id='word_1_215' title='bbox 1082 2397 1124 2455; x_wconf 90' lang='lat' dir='ltr'><strong>vi·</strong></span> <span class='ocrx_word' id='word_1_216' title='bbox 1145 2405 1179 2454; x_wconf 85' lang='lat'><strong>10</strong></span> 
     </span>
     <span class='ocr_line' id='line_1_26' title="bbox 61 2482 1123 2561; baseline -0.001 -17"><span class='ocrx_word' id='word_1_217' title='bbox 61 2494 90 2537; x_wconf 73' lang='lat' dir='ltr'><strong>to</strong></span> <span class='ocrx_word' id='word_1_218' title='bbox 105 2482 211 2545; x_wconf 89' lang='lat' dir='ltr'><strong>tellum</strong></span> <span class='ocrx_word' id='word_1_219' title='bbox 230 2498 298 2542; x_wconf 89' lang='lat' dir='ltr'><strong>cnm</strong></span> <span class='ocrx_word' id='word_1_220' title='bbox 317 2483 385 2541; x_wconf 86' lang='lat' dir='ltr'><strong>vino</strong></span> <span class='ocrx_word' id='word_1_221' title='bbox 405 2482 521 2542; x_wconf 84' lang='lat' dir='ltr'><strong>modico</strong></span> <span class='ocrx_word' id='word_1_222' title='bbox 539 2489 604 2542; x_wconf 85' lang='lat' dir='ltr'><strong>tere</strong></span> <span class='ocrx_word' id='word_1_223' title='bbox 624 2482 782 2561; x_wconf 75' lang='lat' dir='ltr'><strong>diligenter</strong></span> <span class='ocrx_word' id='word_1_224' title='bbox 801 2490 834 2543; x_wconf 84' lang='lat' dir='ltr'><strong>et</strong></span> <span class='ocrx_word' id='word_1_225' title='bbox 844 2482 914 2543; x_wconf 91' lang='lat' dir='ltr'><strong>iude</strong></span> <span class='ocrx_word' id='word_1_226' title='bbox 929 2485 1123 2543; x_wconf 83' lang='lat' dir='ltr'><strong>emicrenium</strong></span> 
     </span>
     <span class='ocr_line' id='line_1_27' title="bbox 105 2569 1174 2652; baseline 0 -21"><span class='ocrx_word' id='word_1_227' title='bbox 105 2572 152 2632; x_wconf 87' lang='lat' dir='ltr'><strong>vel</strong></span> <span class='ocrx_word' id='word_1_228' title='bbox 171 2579 305 2649; x_wconf 85' lang='lat' dir='ltr'><strong>tempora</strong></span> <span class='ocrx_word' id='word_1_229' title='bbox 326 2588 401 2649; x_wconf 87' lang='lat' dir='ltr'><strong>quae</strong></span> <span class='ocrx_word' id='word_1_230' title='bbox 420 2570 562 2632; x_wconf 80' lang='lat' dir='ltr'><strong>dolebunt</strong></span> <span class='ocrx_word' id='word_1_231' title='bbox 581 2569 683 2652; x_wconf 85' lang='lat' dir='ltr'><strong>inline,</strong></span> <span class='ocrx_word' id='word_1_232' title='bbox 702 2572 859 2632; x_wconf 78' lang='lat' dir='ltr'><strong>confestim</strong></span> <span class='ocrx_word' id='word_1_233' title='bbox 878 2569 1005 2630; x_wconf 82' lang='lat' dir='ltr'><strong>sanabis.</strong></span> <span class='ocrx_word' id='word_1_234' title='bbox 1040 2570 1123 2631; x_wconf 87' lang='lat' dir='ltr'><strong>Pam·</strong></span> <span class='ocrx_word' id='word_1_235' title='bbox 1143 2584 1174 2631; x_wconf 85' lang='lat'><strong>11</strong></span> 
     </span>
     <span class='ocr_line' id='line_1_28' title="bbox 104 2658 1122 2739; baseline -0.003 -18"><span class='ocrx_word' id='word_1_236' title='bbox 104 2662 210 2739; x_wconf 87' lang='lat' dir='ltr'><strong>pinum</strong></span> <span class='ocrx_word' id='word_1_237' title='bbox 240 2662 381 2719; x_wconf 86' lang='lat' dir='ltr'><strong>contiuno</strong></span> <span class='ocrx_word' id='word_1_238' title='bbox 412 2658 448 2719; x_wconf 91' lang='lat' dir='ltr'><strong>de</strong></span> <span class='ocrx_word' id='word_1_239' title='bbox 475 2662 535 2720; x_wconf 83' lang='lat' dir='ltr'><strong>rite</strong></span> <span class='ocrx_word' id='word_1_240' title='bbox 562 2658 674 2719; x_wconf 88' lang='lat' dir='ltr'><strong>lectum</strong></span> <span class='ocrx_word' id='word_1_241' title='bbox 703 2677 772 2719; x_wconf 93' lang='lat' dir='ltr'><strong>cum</strong></span> <span class='ocrx_word' id='word_1_242' title='bbox 799 2658 865 2718; x_wconf 90' lang='lat' dir='ltr'><strong>oleo</strong></span> <span class='ocrx_word' id='word_1_243' title='bbox 892 2674 1004 2736; x_wconf 87' lang='lat' dir='ltr'><strong>coques</strong></span> <span class='ocrx_word' id='word_1_244' title='bbox 1032 2667 1122 2737; x_wconf 85' lang='lat' dir='ltr'><strong>atque</strong></span> 
     </span>
     <span class='ocr_line' id='line_1_29' title="bbox 104 2745 1175 2827; baseline -0.002 -17"><span class='ocrx_word' id='word_1_245' title='bbox 104 2748 195 2810; x_wconf 92' lang='lat' dir='ltr'><strong>simul</strong></span> <span class='ocrx_word' id='word_1_246' title='bbox 223 2750 304 2809; x_wconf 85' lang='lat' dir='ltr'><strong>tritis</strong></span> <span class='ocrx_word' id='word_1_247' title='bbox 337 2747 494 2827; x_wconf 78' lang='lat' dir='ltr'><strong>diligenter</strong></span> <span class='ocrx_word' id='word_1_248' title='bbox 525 2756 659 2827; x_wconf 88' lang='lat' dir='ltr'><strong>tempora</strong></span> <span class='ocrx_word' id='word_1_249' title='bbox 692 2745 809 2807; x_wconf 87' lang='lat' dir='ltr'><strong>inlines.</strong></span> <span class='ocrx_word' id='word_1_250' title='bbox 853 2745 896 2805; x_wconf 87' lang='lat' dir='ltr'><strong>De</strong></span> <span class='ocrx_word' id='word_1_251' title='bbox 928 2748 1024 2807; x_wconf 90' lang='lat' dir='ltr'><strong>muris</strong></span> <span class='ocrx_word' id='word_1_252' title='bbox 1052 2748 1121 2807; x_wconf 88' lang='lat' dir='ltr'><strong>fimo</strong></span> <span class='ocrx_word' id='word_1_253' title='bbox 1141 2759 1175 2808; x_wconf 77' lang='lat'><strong>12</strong></span> 
     </span>
     <span class='ocr_line' id='line_1_30' title="bbox 104 2834 1121 2916; baseline 0 -18"><span class='ocrx_word' id='word_1_254' title='bbox 104 2836 213 2916; x_wconf 82' lang='lat' dir='ltr'><strong>pilulas</strong></span> <span class='ocrx_word' id='word_1_255' title='bbox 241 2844 355 2915; x_wconf 88' lang='lat' dir='ltr'><strong>septem</strong></span> <span class='ocrx_word' id='word_1_256' title='bbox 383 2844 463 2898; x_wconf 87' lang='lat' dir='ltr'><strong>teres</strong></span> <span class='ocrx_word' id='word_1_257' title='bbox 490 2844 521 2898; x_wconf 90' lang='lat' dir='ltr'><strong>et</strong></span> <span class='ocrx_word' id='word_1_258' title='bbox 548 2855 617 2897; x_wconf 91' lang='lat' dir='ltr'><strong>oum</strong></span> <span class='ocrx_word' id='word_1_259' title='bbox 645 2843 729 2896; x_wconf 85' lang='lat' dir='ltr'><strong>aceto</strong></span> <span class='ocrx_word' id='word_1_260' title='bbox 753 2836 845 2895; x_wconf 81' lang='lat' dir='ltr'><strong>fronti</strong></span> <span class='ocrx_word' id='word_1_261' title='bbox 867 2834 913 2896; x_wconf 87' lang='lat' dir='ltr'><strong>vel</strong></span> <span class='ocrx_word' id='word_1_262' title='bbox 936 2835 1121 2915; x_wconf 89' lang='lat' dir='ltr'><strong>temporibus</strong></span> 
     </span>
     <span class='ocr_line' id='line_1_31' title="bbox 61 2924 1176 2987; baseline 0.006 -7"><span class='ocrx_word' id='word_1_263' title='bbox 61 2939 90 2980; x_wconf 83' lang='lat' dir='ltr'><strong>so</strong></span> <span class='ocrx_word' id='word_1_264' title='bbox 105 2924 278 2987; x_wconf 88' lang='lat' dir='ltr'><strong>dolentibus</strong></span> <span class='ocrx_word' id='word_1_265' title='bbox 300 2924 416 2987; x_wconf 89' lang='lat' dir='ltr'><strong>inlines.</strong></span> <span class='ocrx_word' id='word_1_266' title='bbox 458 2924 490 2986; x_wconf 89' lang='lat' dir='ltr'><strong>Si</strong></span> <span class='ocrx_word' id='word_1_267' title='bbox 513 2927 557 2985; x_wconf 86' lang='lat' dir='ltr'><strong>vlr</strong></span> <span class='ocrx_word' id='word_1_268' title='bbox 580 2934 631 2986; x_wconf 86' lang='lat' dir='ltr'><strong>aut</strong></span> <span class='ocrx_word' id='word_1_269' title='bbox 654 2924 829 2986; x_wconf 79' lang='lat' dir='ltr'><strong>adulescens</strong></span> <span class='ocrx_word' id='word_1_270' title='bbox 853 2932 904 2985; x_wconf 90' lang='lat' dir='ltr'><strong>aut</strong></span> <span class='ocrx_word' id='word_1_271' title='bbox 926 2925 1025 2985; x_wconf 88' lang='lat' dir='ltr'><strong>iulans</strong></span> <span class='ocrx_word' id='word_1_272' title='bbox 1048 2928 1120 2987; x_wconf 88' lang='lat' dir='ltr'><strong>emi·</strong></span> <span class='ocrx_word' id='word_1_273' title='bbox 1143 2938 1176 2987; x_wconf 79' lang='lat'><strong>13</strong></span> 
     </span>
     <span class='ocr_line' id='line_1_32' title="bbox 105 3012 1124 3095; baseline 0.001 -20"><span class='ocrx_word' id='word_1_274' title='bbox 105 3016 241 3075; x_wconf 89' lang='lat' dir='ltr'><strong>cranium</strong></span> <span class='ocrx_word' id='word_1_275' title='bbox 269 3016 412 3095; x_wconf 81' lang='lat' dir='ltr'><strong>patietur,</strong></span> <span class='ocrx_word' id='word_1_276' title='bbox 443 3013 596 3093; x_wconf 86' lang='lat' dir='ltr'><strong>observet,</strong></span> <span class='ocrx_word' id='word_1_277' title='bbox 624 3021 658 3074; x_wconf 91' lang='lat' dir='ltr'><strong>ut</strong></span> <span class='ocrx_word' id='word_1_278' title='bbox 687 3031 805 3093; x_wconf 88' lang='lat' dir='ltr'><strong>semper</strong></span> <span class='ocrx_word' id='word_1_279' title='bbox 836 3012 906 3074; x_wconf 94' lang='lat' dir='ltr'><strong>luna</strong></span> <span class='ocrx_word' id='word_1_280' title='bbox 935 3016 1061 3094; x_wconf 90' lang='lat' dir='ltr'><strong>septima</strong></span> <span class='ocrx_word' id='word_1_281' title='bbox 1094 3022 1124 3076; x_wconf 89' lang='lat' dir='ltr'><strong>et</strong></span> 
     </span>
     <span class='ocr_line' id='line_1_33' title="bbox 105 3101 1125 3183; baseline 0.001 -20"><span class='ocrx_word' id='word_1_282' title='bbox 105 3105 233 3183; x_wconf 84' lang='lat' dir='ltr'><strong>septima</strong></span> <span class='ocrx_word' id='word_1_283' title='bbox 261 3101 374 3163; x_wconf 89' lang='lat' dir='ltr'><strong>decima</strong></span> <span class='ocrx_word' id='word_1_284' title='bbox 403 3110 432 3163; x_wconf 85' lang='lat' dir='ltr'><strong>ot</strong></span> <span class='ocrx_word' id='word_1_285' title='bbox 460 3104 619 3163; x_wconf 85' lang='lat' dir='ltr'><strong>vicensima</strong></span> <span class='ocrx_word' id='word_1_286' title='bbox 647 3104 773 3180; x_wconf 88' lang='lat' dir='ltr'><strong>septima</strong></span> <span class='ocrx_word' id='word_1_287' title='bbox 795 3120 828 3162; x_wconf 87' lang='lat' dir='ltr'><strong>se</strong></span> <span class='ocrx_word' id='word_1_288' title='bbox 850 3102 987 3165; x_wconf 84' lang='lat' dir='ltr'><strong>tondeat:</strong></span> <span class='ocrx_word' id='word_1_289' title='bbox 1015 3106 1125 3164; x_wconf 92' lang='lat' dir='ltr'><strong>mirum</strong></span> 
     </span>
    </p>
   </div>
   <div class='ocr_carea' id='block_1_3' title="bbox 106 3270 1125 3626">
    <p class='ocr_par' dir='ltr' id='par_1_3' title="bbox 106 3270 1125 3626">
     <span class='ocr_line' id='line_1_34' title="bbox 178 3270 1125 3343; baseline 0.001 -15"><span class='ocrx_word' id='word_1_290' title='bbox 178 3278 195 3327; x_wconf 82' lang='lat' dir='ltr'><strong>b</strong></span> <span class='ocrx_word' id='word_1_291' title='bbox 215 3274 295 3328; x_wconf 83' lang='lat' dir='ltr'><strong>corel</strong></span> <span class='ocrx_word' id='word_1_292' title='bbox 312 3278 362 3327; x_wconf 77' lang='lat' dir='ltr'><strong>int</strong></span> <span class='ocrx_word' id='word_1_293' title='bbox 380 3273 479 3326; x_wconf 80' lang='lat' dir='ltr'><strong>curaui</strong></span> <span class='ocrx_word' id='word_1_294' title='bbox 496 3276 553 3327; x_wconf 64' lang='lat' dir='ltr'><strong>dm.</strong></span> <span class='ocrx_word' id='word_1_295' title='bbox 646 3278 662 3326; x_wconf 84' lang='lat'>6</span> <span class='ocrx_word' id='word_1_296' title='bbox 681 3270 711 3325; x_wconf 88' lang='lat' dir='ltr'><strong>in</strong></span> <span class='ocrx_word' id='word_1_297' title='bbox 729 3271 827 3327; x_wconf 84' lang='lat' dir='ltr'><strong>limibs.</strong></span> <span class='ocrx_word' id='word_1_298' title='bbox 908 3279 925 3328; x_wconf 77' lang='grc'>9</span> <span class='ocrx_word' id='word_1_299' title='bbox 944 3272 1056 3343; x_wconf 77' lang='lat' dir='ltr'><strong>senapis</strong></span> <span class='ocrx_word' id='word_1_300' title='bbox 1076 3278 1125 3329; x_wconf 78' lang='lat' dir='ltr'><strong>Im</strong></span> 
     </span>
     <span class='ocr_line' id='line_1_35' title="bbox 107 3342 1123 3414; baseline 0.002 -16"><span class='ocrx_word' id='word_1_301' title='bbox 107 3344 213 3413; x_wconf 83' lang='lat' dir='ltr'><strong>sinapis</strong></span> <span class='ocrx_word' id='word_1_302' title='bbox 241 3348 301 3399; x_wconf 79' lang='lat' dir='ltr'><strong>2m.</strong></span> <span class='ocrx_word' id='word_1_303' title='bbox 428 3349 461 3398; x_wconf 80' lang='lat'><strong>12</strong></span> <span class='ocrx_word' id='word_1_304' title='bbox 489 3342 667 3412; x_wconf 81' lang='lat' dir='ltr'><strong>eberogranii.</strong></span> <span class='ocrx_word' id='word_1_305' title='bbox 788 3348 821 3398; x_wconf 84' lang='lat'><strong>13</strong></span> <span class='ocrx_word' id='word_1_306' title='bbox 849 3342 976 3399; x_wconf 67' lang='lat' dir='ltr'><strong>demtum</strong></span> <span class='ocrx_word' id='word_1_307' title='bbox 1004 3345 1123 3414; x_wconf 74' lang='lat' dir='ltr'><strong>parbem.</strong></span> 
     </span>
     <span class='ocr_line' id='line_1_36' title="bbox 110 3414 1124 3484; baseline 0.001 -15"><span class='ocrx_word' id='word_1_308' title='bbox 110 3420 143 3469; x_wconf 76' lang='lat'><strong>15</strong></span> <span class='ocrx_word' id='word_1_309' title='bbox 159 3431 300 3484; x_wconf 85' lang='lat' dir='ltr'><strong>suspensa.</strong></span> <span class='ocrx_word' id='word_1_310' title='bbox 356 3419 389 3470; x_wconf 76' lang='lat'><strong>1⁷</strong></span> <span class='ocrx_word' id='word_1_311' title='bbox 404 3414 528 3470; x_wconf 83' lang='lat' dir='ltr'><strong>sinesbre.</strong></span> <span class='ocrx_word' id='word_1_312' title='bbox 586 3420 752 3470; x_wconf 80' lang='lat' dir='ltr'><strong>reservare.</strong></span> <span class='ocrx_word' id='word_1_313' title='bbox 805 3420 840 3468; x_wconf 81' lang='lat'><strong>20</strong></span> <span class='ocrx_word' id='word_1_314' title='bbox 855 3416 967 3483; x_wconf 81' lang='lat' dir='ltr'><strong>quanto.</strong></span> <span class='ocrx_word' id='word_1_315' title='bbox 1026 3432 1124 3484; x_wconf 87' lang='lat' dir='ltr'><strong>posses</strong></span> 
     </span>
     <span class='ocr_line' id='line_1_37' title="bbox 106 3484 1123 3556; baseline -0.002 -15"><span class='ocrx_word' id='word_1_316' title='bbox 106 3484 185 3541; x_wconf 78' lang='lat' dir='ltr'><strong>tolle.</strong></span> <span class='ocrx_word' id='word_1_317' title='bbox 231 3485 368 3556; x_wconf 72' lang='lat' dir='ltr'><strong>21ed]n</strong></span> <span class='ocrx_word' id='word_1_318' title='bbox 415 3490 449 3541; x_wconf 76' lang='lat'><strong>23</strong></span> <span class='ocrx_word' id='word_1_319' title='bbox 464 3489 547 3541; x_wconf 78' lang='lat' dir='ltr'><strong>etex.</strong></span> <span class='ocrx_word' id='word_1_320' title='bbox 594 3491 628 3541; x_wconf 72' lang='lat'><strong>25</strong></span> <span class='ocrx_word' id='word_1_321' title='bbox 643 3485 718 3541; x_wconf 68' lang='lat' dir='ltr'><strong>herib</strong></span> <span class='ocrx_word' id='word_1_322' title='bbox 765 3491 799 3541; x_wconf 79' lang='lat'><strong>2‘1</strong></span> <span class='ocrx_word' id='word_1_323' title='bbox 814 3502 946 3554; x_wconf 89' lang='lat' dir='ltr'><strong>quoqnes.</strong></span> <span class='ocrx_word' id='word_1_324' title='bbox 993 3492 1027 3541; x_wconf 69' lang='lat'><strong>28</strong></span> <span class='ocrx_word' id='word_1_325' title='bbox 1046 3487 1123 3543; x_wconf 81' lang='lat' dir='ltr'><strong>brito.</strong></span> 
     </span>
     <span class='ocr_line' id='line_1_38' title="bbox 106 3556 1125 3626; baseline -0.002 -15"><span class='ocrx_word' id='word_1_326' title='bbox 106 3556 241 3613; x_wconf 77' lang='lat' dir='ltr'><strong>aulicos.</strong></span> <span class='ocrx_word' id='word_1_327' title='bbox 313 3556 491 3626; x_wconf 77' lang='lat' dir='ltr'><strong>migraninm.</strong></span> <span class='ocrx_word' id='word_1_328' title='bbox 562 3562 595 3611; x_wconf 82' lang='lat'><strong>31</strong></span> <span class='ocrx_word' id='word_1_329' title='bbox 615 3560 644 3613; x_wconf 82' lang='lat' dir='ltr'><strong>ot</strong></span> <span class='ocrx_word' id='word_1_330' title='bbox 662 3556 787 3626; x_wconf 80' lang='lat' dir='ltr'><strong>septima</strong></span> <span class='ocrx_word' id='word_1_331' title='bbox 804 3572 854 3611; x_wconf 76' lang='lat' dir='ltr'><strong>oon.</strong></span> <span class='ocrx_word' id='word_1_332' title='bbox 923 3562 957 3611; x_wconf 77' lang='lat'><strong>32</strong></span> <span class='ocrx_word' id='word_1_333' title='bbox 975 3558 1125 3613; x_wconf 78' lang='lat' dir='ltr'><strong>tondeant.</strong></span> 
     </span>
    </p>
   </div>
   <div class='ocr_carea' id='block_1_4' title="bbox 1066 3769 1245 3975">
    <p class='ocr_par' dir='ltr' id='par_1_4' title="bbox 1066 3769 1245 3975">
     <span class='ocr_line' id='line_1_39' title="bbox 1066 3769 1245 3975; baseline 0 0"><span class='ocrx_word' id='word_1_334' title='bbox 1066 3874 1069 3879; x_wconf 91' lang='lat'><em>-</em></span> <span class='ocrx_word' id='word_1_335' title='bbox 1137 3769 1245 3975; x_wconf 77' lang='lat' dir='ltr'><strong>r</strong></span> 
     </span>
    </p>
   </div>
   <div class='ocr_carea' id='block_1_5' title="bbox 0 0 1310 4017">
    <p class='ocr_par' dir='ltr' id='par_1_5' title="bbox 0 0 1310 4017">
     <span class='ocr_line' id='line_1_40' title="bbox 0 0 1310 4017; baseline 0 0"><span class='ocrx_word' id='word_1_336' title='bbox 0 0 1310 4017; x_wconf 95' lang='lat' dir='ltr'><strong> </strong></span> 
     </span>
    </p>
   </div>
  </div>
 </body>
</html>
