2609 4017
573 213 609 223 -
659 177 814 243 278-

186 342 286 404 festim
300 340 393 423 dolor,
412 359 480 402 cum
495 358 545 401 eas
559 341 702 401 deiecerit
715 342 911 420 torminosus3
927 347 995 419 post
1008 340 1191 401 iniectionem
1274 329 1276 432 l

187 449 258 492 sane
281 431 369 492 detur
392 428 487 491 cibus
1274 439 1275 516 ¹

134 531 170 580 24
277 519 364 582 uliud
386 518 645 599 medicamentum,
669 517 756 597 quod
771 518 896 578 mirifice
917 517 1040 596 prodest
1057 518 1192 578 termino
1274 519 1275 578 Ὺ

187 610 238 690 ιιι,
262 610 324 669 sive
346 607 461 669 febrem
483 606 643 669 habuerint
666 624 720 668 seu
743 608 808 667 sine
832 606 915 667 febre
937 606 1062 667 fuerint:
1085 605 1192 666 Planta
1275 667 1276 686 ¹

186 700 264 778 ginis
292 698 358 757 suci
384 695 502 756 hemina
531 696 636 776 frigida
665 694 712 755 vel
739 695 838 774 tepida
866 696 1027 757 inmittitur
1059 712 1112 773 per
1138 694 1213 773 ely-t
1275 697 1276 764 ξ

187 795 298 848 stenem
327 787 359 845 in
387 803 477 845 anum
507 785 552 845 vel
584 803 639 863 per
667 802 699 845 se
727 784 790 844 sola
816 783 863 844 vel
886 802 954 845 cum
976 785 1045 844 rino
1068 802 1105 843 ex
1126 784 1192 862 piris
1275 783 1276 808 ³

188 875 317 954 Syriacis
340 875 426 935 facto.
467 873 532 935 Hoc
556 874 806 935 medicamentum
831 875 921 934 etiam
943 874 971 933 si
993 888 1083 951 aeger
1100 871 1192 932 cibum

186 963 347 1044 horrescit,
376 964 508 1024 restituit
532 964 560 1024 ei
584 961 778 1042 cupiditatem
800 960 1010 1042 manducandi3
1036 960 1107 1021 facit
1128 978 1193 1020 vero
1276 997 1277 1090 ¹

188 1054 275 1113 sitem
291 1048 523 1132 intolerabilem,
548 1050 600 1111 sed
623 1051 775 1111 moderate
798 1049 969 1111 bibendum.
1276 1109 1277 1114 ,

134 1150 168 1200 25
276 1141 415 1202 Pastillus
438 1140 475 1200 ad
497 1141 679 1201 torminosos
698 1139 802 1200 efficax
821 1138 979 1199 conficitur
997 1140 1054 1199 ιιι.
1078 1139 1194 1198 Acaciae
1206 1153 1228 1192 ιι

187 1230 257 1311 ιιι,
281 1230 350 1290 mali
373 1230 489 1307 granati
512 1230 634 1289 corticis
658 1227 776 1309 rivin
799 1226 891 1307 gallae
915 1226 1051 1307 Syriacae
1075 1228 1196 1287 inmatu-

186 1336 237 1379 rae
260 1317 286 1377 ll
311 1316 346 1398 V,
376 1318 492 1396 soporis
516 1316 542 1376 ιι
565 1316 602 1398 V,
630 1319 721 1397 myrti
749 1316 890 1377 bacarum
916 1318 1071 1394 nigrarum
1094 1314 1120 1375 X
1142 1313 1197 1391 vll,

83 1416 89 1424 ’
186 1406 268 1487 rbus,
288 1405 368 1486 quod
387 1407 507 1466 coriarii
526 1412 662 1486 utuntur,
681 1404 801 1466 lll'llll
823 1404 869 1466 vel
887 1404 1020 1466 eiusdem
1035 1406 1101 1465 suci
1115 1403 1141 1463 ιι
1154 1402 1196 1483 lll,
1277 1461 1278 1468 .

186 1494 290 1556 alterci
314 1496 435 1556 seminis
459 1493 485 1554 ιι
505 1494 578 1575 Vlll,
600 1497 679 1555 turis
702 1494 728 1555 ιι
752 1492 825 1574 VllI,
849 1493 922 1555 rhus
947 1493 1060 1572 Syriaci
1083 1491 1196 1552 llVlll.

185 1583 265 1647 Haec
285 1586 382 1645 omnia
402 1585 572 1646 animantur
590 1592 709 1662 praeter
729 1584 866 1664 acaciam,
885 1590 943 1663 tus,
961 1584 1064 1661 opium
1084 1589 1114 1642 et
1131 1598 1196 1641 con·
1208 1596 1229 1637 u
1278 1663 1279 1666 Ἴ

186 1674 355 1735 tunduntur
378 1689 514 1734 seorsum
540 1674 623 1734 etin
646 1691 740 1734 unum
763 1674 929 1732 miscentur
951 1673 1080 1749 vinoque
1104 1672 1198 1731 onmia
1278 1697 1279 1756 ι

185 1764 315 1842 myrtino
338 1771 578 1841 consparguntur
601 1769 690 1840 atque
714 1763 745 1821 in
768 1760 876 1840 pyxide
894 1759 979 1821 fictili
999 1767 1197 1839 reponuntur3
1278 1761 1279 1816 l

188 1852 214 1911 si
237 1853 304 1930 quis
327 1849 405 1911 volet
428 1850 560 1929 pastillos
584 1850 691 1931 facere,
715 1850 823 1910 adiciet
841 1851 968 1928 gummis
987 1848 1013 1907 ll
1032 1846 1078 1909 vt
1116 1846 1197 1909 liabi-

186 1946 236 2000 tur
256 1958 292 2000 ex
309 1938 366 2000 hoc
385 1938 601 2000 medicamento
620 1940 722 2000 ieiuno
743 1940 907 1999 torminoso
927 1936 953 1997 ι
972 1955 1050 1999 unus
1070 1955 1107 1997 ex
1126 1955 1197 2017 aqua

186 2026 233 2087 vel
252 2046 287 2088 ιι
306 2029 375 2087 rino
395 2029 486 2088 mixto
505 2034 628 2106 myrteo.
671 2026 752 2087 ldem
771 2028 1021 2088 medicamentum
1040 2028 1197 2089 inmittitur
1208 2041 1229 2080 ιι

187 2132 242 2195 per
265 2114 422 2194 clysterem
446 2115 482 2175 ad
506 2133 677 2177 mensuram
699 2118 781 2177 iuxta
804 2118 883 2177 vires
906 2117 1062 2194 cuiusque.

134 2209 168 2259 26
276 2201 359 2263 Vinis
383 2204 428 2264 uti
451 2211 569 2281 oportet
591 2207 773 2265 torminosos
792 2223 829 2265 ιι
847 2211 943 2284 myrto
962 2212 993 2264 et
1011 2205 1086 2283 piris
1106 2203 1197 2283 Syria·
1279 2241 1280 2246 κ

187 2294 239 2373 ιιι,
263 2310 299 2352 ιι
322 2291 407 2352 malis
429 2292 568 2371 cydoneis
593 2301 622 2353 et
644 2292 825 2373 terebintho,
849 2311 885 2353 ιι
908 2292 981 2352 rhus
1005 2294 1142 2371 coriario,
1164 2310 1197 2351 ιι

187 2379 292 2460 glande
317 2382 467 2461 quercina,
491 2400 527 2441 ιι
555 2380 698 2463 lapatbio,
722 2400 758 2442 ex
785 2380 890 2460 populi
912 2381 1026 2461 fructu,
1054 2398 1091 2442 ιι
1116 2379 1197 2458 rubo,

187 2488 223 2531 ex
237 2468 432 2549 hypocistide.
456 2468 538 2541 Quae
552 2472 650 2531 omnia
670 2470 879 2549 decoquuntur
898 2487 1034 2530 seorsum
1048 2488 1118 2531 cum
1132 2470 1195 2529 rino
1207 2483 1228 2523 ιι

188 2558 365 2620 Surrentino
389 2566 441 2619 aut
464 2557 600 2638 Signino,
626 2560 742 2636 potioni
764 2577 835 2618 vero
857 2558 1039 2619 admiscetur
1061 2575 1138 2637 aqua
1160 2558 1196 2617 ci·

189 2649 322 2709 sternina
345 2646 467 2709 decocta
491 2653 520 2707 et
544 2646 599 2708 sub
623 2647 690 2707 divo
713 2648 818 2726 posita.

135 2741 168 2789 27
277 2735 404 2796 Prodest
430 2737 602 2797 torminosis
627 2735 672 2796 lac
695 2743 813 2816 potum,
840 2737 872 2795 in
900 2735 979 2814 quod
1006 2734 1121 2813 lapides
1144 2734 1196 2794 fer·

188 2831 291 2885 ventes
320 2827 438 2902 saepius
466 2824 513 2885 vel
541 2824 653 2885 ferrum
682 2823 813 2884 candens
841 2824 1004 2885 demissum
1036 2824 1144 2903 fuerit,
1173 2824 1197 2882 si

187 2920 287 2973 tamen
310 2930 370 2973 nou
392 2911 613 2974 febricitabunt.
1205 2926 1226 2965 ω

135 3005 169 3056 28
278 2999 343 3061 Cibi
370 3008 497 3079 prosunt
521 3002 694 3063 torminosis
717 3001 901 3062 huiusmodi:
932 3000 1020 3061 Panis
1044 3000 1195 3061 fermenta-

188 3097 237 3151 tus
261 3086 368 3167 durus,
395 3089 494 3168 pultes
519 3090 666 3171 diversae,
694 3088 835 3150 lenticula
858 3096 942 3150 aceto
965 3088 1097 3168 condita,
1121 3088 1196 3149 bras-

188 3181 258 3262 sica,
281 3177 427 3259 plantago,
451 3178 554 3259 intiba,
576 3177 651 3239 mala
675 3179 815 3258 cydonea,
837 3196 911 3239 uvae
935 3196 972 3237 ιι
990 3177 1065 3258 ollis,
1088 3177 1195 3257 palmae

278 3331 432 3387 dclistere.
525 3331 684 3386 Sorrescit.
784 3335 816 3385 12
836 3331 943 3400 operis:
963 3329 1022 3401 opii
1041 3330 1194 3386 Gomorim

190 3408 224 3458 13
244 3419 300 3472 quo
319 3403 479 3458 Carnarius.
532 3408 564 3457 19
583 3403 828 3457 medicamentum.
874 3406 908 3456 21
928 3402 1057 3471 clystere.
1104 3408 1196 3471 utpu-

188 3472 256 3541 puli.
334 3478 369 3527 at
388 3474 611 3542 dequoquunfur.
688 3478 723 3527 ιθ
742 3472 916 3528 torminosos.
997 3472 1196 3527 redemissent

188 3543 300 3611 scripsi:
319 3542 473 3597 dimissum.
