2609 4017
492 191 737 255 —il'l-

95 350 121 412 X
140 351 180 413 Π.
215 352 371 414 Teruntur
383 353 457 413 haec
471 354 581 414 siccata
596 356 724 435 curiose,
738 354 845 414 deinde
861 354 1043 415 admiscetur
1057 373 1122 433 pas-

94 459 163 502 sum
191 441 361 524 Creticum,
385 451 419 513 ut
441 441 549 504 habeat
572 443 797 522 spissitudinem
821 442 932 523 mellis3
956 461 1025 504 cum
1047 461 1122 521 opus

94 539 157 610 est,
187 533 261 592 vino
289 540 410 592 austero
435 531 560 593 diluitur
583 541 613 592 et
636 533 770 593 solvitur.
811 531 894 592 Facit
916 532 973 592 hoc
997 532 1123 594 medica·

94 629 239 681 mentum
269 629 300 680 et
326 620 363 680 ad
390 620 589 681 carbunculos
624 629 655 682 et
682 622 718 682 ad
745 623 845 700 ignem
872 639 991 682 sacrum
1023 629 1054 682 et
1085 621 1122 682 ad

68 725 221 790 azonam,
246 727 335 788 quam
359 708 466 770 Graeci
487 709 611 790 herpeta
634 711 747 772 dicunt.
793 708 967 771 Coclearnm
990 712 1123 771 inanium
1142 723 1176 773 30

93 807 279 859 exustarum
298 799 375 858 cinis
393 816 462 858 cum
480 798 567 859 melle
585 801 713 878 gingivis
736 801 884 877 inpositus
903 801 978 860 mire
992 800 1123 881 prodest,

94 889 121 946 si
145 889 191 948 sit
215 886 291 948 haec
314 886 439 948 adsidue
461 889 585 949 curatio.
631 887 771 966 Gingivas
798 887 914 948 umidas
942 897 972 949 et
995 888 1121 950 letantes
1140 901 1174 950 31
1230 949 1234 958 ,

92 974 152 1036 hoc
173 977 376 1037 medicamine
396 977 471 1036 mire
490 976 622 1038 sanabis:
643 977 771 1039 Alumen
790 979 926 1057 scissum,
945 985 994 1038 tus
1008 996 1122 1039 mascu-

93 1062 171 1145 lum,
187 1065 278 1125 aloen
293 1066 427 1145 epatitim
440 1067 506 1144 pari
519 1065 665 1148 pondere3
684 1065 758 1126 haec
772 1067 803 1126 in
818 1065 971 1145 pulverem
985 1069 1123 1128 tenuissi-

54 1171 80 1210 1o
94 1171 185 1214 mum
207 1153 327 1232 rediges
345 1162 376 1214 et
394 1154 483 1214 simul
500 1156 657 1233 permixtis
676 1156 780 1235 uteris,
799 1157 840 1215 ita
858 1163 893 1215 ut
909 1158 993 1234 prins
1007 1173 1041 1215 os
1055 1157 1124 1215 vino

94 1250 208 1304 vetere
222 1242 344 1303 conlnas
358 1251 389 1303 et
398 1244 442 1303 sic
452 1245 578 1322 gingivis
589 1244 682 1321 digito
692 1244 876 1305 medicamen
886 1243 1025 1322 adpones.
1045 1243 1124 1304 Utile

95 1339 146 1392 est
164 1331 323 1392 interdum
341 1331 470 1392 admixto
487 1331 558 1392 hnic
572 1331 689 1410 pulveri
703 1332 789 1393 melle
804 1332 977 1412 despumato
992 1334 1124 1411 gingivas

96 1424 290 1500 contingere.
321 1419 365 1480 Ad
384 1422 569 1498 gingivarum
589 1423 715 1482 nimium
734 1430 880 1482 tumorem
901 1429 931 1482 et
950 1422 1074 1482 fetorem
1095 1433 1125 1482 et
1142 1435 1176 1484 33

96 1512 305 1570 carcinomata
319 1509 504 1570 medicamen
518 1509 575 1570 hoc
590 1510 681 1570 iacies
696 1511 887 1571 decrescente
901 1510 971 1570 luna
985 1509 1033 1570 die
1047 1510 1124 1570 lovis

58 1615 84 1655 15
99 1599 162 1661 sic:
197 1597 315 1676 Piperis
337 1616 428 1677 grana
451 1616 557 1658 novem
582 1598 711 1659 torrebis
740 1617 807 1659 cnm
835 1598 951 1658 modico
975 1599 1070 1658 lasere
1094 1606 1125 1658 et

99 1686 294 1748 cucurbitam
318 1689 427 1748 siccam
451 1687 601 1748 conbures
624 1696 654 1748 et
678 1695 767 1767 capnt
790 1686 894 1747 sardae
917 1686 1066 1747 conbures
1090 1704 1125 1746 ac

99 1777 267 1855 separatim
294 1777 393 1836 omnia
420 1775 646 1859 diligentissime
675 1784 764 1856 teres,
791 1779 832 1836 ita
859 1783 894 1836 ut
916 1777 947 1835 in
971 1774 1124 1854 pulverem

99 1866 316 1925 tenuissimum
335 1865 519 1946 redigantur,
542 1884 637 1942 eoque
661 1867 742 1926 sicco
765 1866 899 1944 gingivas
918 1882 1058 1943 asperges
1077 1863 1123 1924 vel

101 1955 264 2032 continges
287 1962 317 2014 et
338 1972 407 2014 cnm
429 1955 540 2015 iterum
558 1953 699 2014 adhibere
718 1953 847 2014 volneris
865 1953 1123 2034 medicamentum,

63 2058 90 2098 ao
103 2045 178 2102 vino
196 2049 298 2103 vetere
316 2041 394 2102 bono
416 2061 449 2102 os
469 2043 566 2124 elues3
589 2043 642 2102 sed
661 2043 720 2104 illis
739 2041 853 2124 diebus
872 2041 981 2122 quibus
1000 2041 1123 2102 adhibes

103 2133 302 2211 curationem,
320 2130 419 2191 oleum
438 2140 467 2192 et
486 2133 640 2210 porcinam
660 2151 719 2192 non
738 2130 944 2213 manducabis,
968 2150 1027 2209 qno
1046 2131 1123 2192 lacto

102 2219 193 2280 facile
218 2229 247 2280 te
271 2219 405 2280 absolves
429 2222 650 2300 suprascripta
674 2223 755 2282 omni
773 2221 908 2282 molestia
928 2221 1122 2300 gingivarum.

103 2309 152 2369 Ad
176 2309 287 2389 ulcera,
310 2327 386 2388 quae
409 2318 574 2370 nascuntur
595 2311 699 2388 pueris
719 2309 764 2370 vel
782 2309 945 2370 infantibus
966 2311 1124 2388 utriusque
1143 2319 1176 2368 33

105 2417 198 2458 sexus
222 2400 252 2458 in
277 2416 329 2458 ore
352 2405 404 2458 aut
426 2399 458 2457 in
481 2407 602 2477 gutture
625 2406 678 2459 aut
700 2401 732 2459 in
751 2398 913 2478 stomacho,
936 2416 1012 2476 quae
1032 2396 1124 2476 pluri·

64 2503 90 2544 as
105 2487 165 2548 bus
189 2505 250 2547 uno
273 2495 408 2565 tempore
432 2485 529 2547 solent
551 2488 686 2552 accidere
711 2496 741 2548 et
763 2487 830 2550 ideo
852 2486 1055 2565 pestilentiosa
1074 2504 1124 2564 ap·

105 2574 271 2657 pellantur,
294 2575 378 2637 valde
401 2575 474 2636 utile
498 2584 544 2636 est
567 2576 709 2636 adhibere
732 2576 916 2636 medicamen
940 2573 1125 2635 huiusmodi:

105 2664 234 2745 blyrrae,
257 2665 343 2725 nardi
364 2663 486 2744 Syriaci,
509 2664 647 2726 aluminis
672 2667 743 2745 tissi,
767 2666 852 2743 costi,
875 2662 967 2741 gallae
987 2661 1124 2742 Syriacae

106 2756 297 2834 immaturae,
320 2755 419 2814 carnis
442 2755 566 2832 agninae
589 2755 702 2836 aridae,
726 2754 848 2814 corticis
871 2750 1016 2813 malorum
1036 2750 1126 2810 Puni·

107 2861 227 2923 corum,
255 2844 388 2904 omnium
415 2844 497 2921 paria
525 2843 656 2922 pondera
686 2861 821 2904 seorsum
845 2841 1071 2902 contunduntur
1095 2849 1125 2904 et

67 2950 93 2988 ao
107 2940 212 3010 postea
230 2933 262 2991 in
282 2949 375 2993 unum
394 2933 559 2993 miscentur
577 2941 666 3011 atque
685 2932 754 2992 inde
773 2931 882 2992 dantur
901 2930 937 2991 ad
955 2931 1033 2991 diem
1048 2929 1124 2991 duae

108 3020 221 3100 cotylae
241 3038 310 3080 cnm
328 3021 390 3080 vini
404 3023 517 3081 austeri
531 3021 636 3100 cyatho
652 3040 720 3082 uno.
749 3020 816 3081 blali
830 3020 936 3082 Punici
950 3019 1032 3081 tloris
1048 3019 1123 3100 llll,
1142 3031 1177 3079 34

108 3125 226 3188 myrrae
245 3108 271 3169 X
290 3109 324 3190 ll,
348 3108 486 3170 aluminis
504 3109 567 3170 tissi
586 3108 612 3168 ll
630 3109 667 3192 ll,
690 3112 772 3171 croci
790 3109 816 3170 ll
835 3109 870 3170 ll.
903 3108 1003 3170 Pulvis
1023 3127 1058 3169 ex
1077 3108 1124 3168 his

109 3200 304 3258 tenuissimus
332 3198 429 3258 lactus
456 3197 627 3260 insulllatur
659 3218 715 3278 per
742 3199 917 3260 arundinem
947 3196 1026 3276 quod
1052 3198 1124 3256 satis

109 3289 148 3346 sit
175 3285 313 3348 lancibus
339 3287 386 3348 vel
414 3289 554 3369 gingivis3
582 3288 662 3367 quod
690 3289 801 3350 sactum
829 3298 859 3347 et
886 3288 1068 3346 intrinsecus
1094 3291 1124 3344 et

181 3421 372 3491 oharpetam.
446 3421 627 3492 bepetitem.
698 3429 732 3478 14
750 3422 953 3478 carcenomato.
1022 3425 1057 3474 30
1076 3419 1124 3474 od-

108 3491 192 3549 hibis.
265 3499 299 3548 31
320 3494 375 3548 olei
392 3494 486 3549 oleum
505 3495 575 3562 (sic).
636 3499 684 3548 34
701 3494 731 3548 in
748 3493 913 3548 istomacho.
982 3497 1016 3547 27
1030 3492 1123 3546 mirre.

110 3569 140 3618 31
165 3564 287 3634 cotylae]
308 3564 458 3619 drachmae
478 3563 637 3622 domarius.
712 3567 802 3632 cyato.
874 3569 908 3616 34
927 3561 1011 3620 facto.

1144 3738 1271 3988 Γ
