2609 4017
515 198 736 262 -51-

118 378 223 421 omnes
247 358 370 420 sanabit.
413 358 516 439 Capilli
540 367 570 420 ct
592 359 702 421 barbae
725 368 887 422 nascentur
910 364 998 422 etiam
1022 360 1133 444 glabro,
1152 376 1186 425 aa

119 450 144 509 si
172 448 319 509 lichenem
348 450 437 529 asini,
469 448 499 509 id
527 456 573 509 est
596 448 806 510 *collectionem
834 450 953 530 duram,
983 468 1059 529 quae
1087 459 1134 512 est

116 540 198 598 circa
222 554 310 598 crura
334 538 407 616 eius,
431 536 588 598 comburas
612 548 642 599 et
665 547 744 599 teras
767 548 796 599 et
816 538 968 618 pulverem
989 537 1072 599 illum
1097 555 1134 599 ex

117 626 184 687 oleo
211 634 312 686 vetere
340 628 473 705 inponas.
516 624 578 687 Hoc
608 628 647 687 ita
676 626 804 687 validum
827 637 886 707 est,
906 635 943 688 nt
967 630 993 688 si
1015 628 1134 689 mulieri

88 715 188 776 aiude
216 714 362 774 maxillam
392 716 527 796 auroris,
560 714 667 775 barbas
695 718 723 775 ei
754 718 837 777 nasci
864 718 950 777 scias.
996 715 1134 777 Erinacei
1152 728 1187 778 24

114 811 209 883 caput
232 812 262 863 et
285 801 422 882 pellicula
445 802 599 864 cumbusta
622 806 758 883 cinisque
785 807 814 865 ei
839 805 954 866 adiecto
979 805 1064 866 melle
1086 807 1131 865 in-

117 893 190 953 litus
208 891 349 971 alopeciis
367 892 427 952 cito
445 891 576 971 prodest.
614 891 708 971 Caput
727 900 827 955 autem
845 896 910 954 eius
929 912 983 973 per
1002 912 1034 954 se
1053 912 1132 955 com·

117 981 241 1042 bustum
270 988 301 1041 et
327 980 443 1041 adiecta
466 982 561 1059 ipsius
584 980 671 1059 adipe
694 978 770 1042 cinis
793 981 842 1042 ille
865 982 1006 1061 alopeciis
1028 982 1131 1043 inlitus

116 1074 206 1131 etiam
226 1070 408 1130 cicatricosis
427 1070 498 1129 lacit
517 1068 593 1147 pilos
611 1072 738 1132 renasci.
770 1068 858 1141 Quod
877 1073 903 1131 si
922 1078 1019 1132 totum
1033 1074 1131 1150 ipsum

76 1177 102 1215 ιο
117 1160 186 1238 quis
210 1166 314 1219 exurat
337 1166 367 1218 et
387 1156 542 1237 pulverem
560 1160 631 1219 eius
654 1158 731 1219 bene
755 1161 860 1220 tritum
883 1178 951 1220 cum
975 1160 1060 1239 adipe
1081 1174 1131 1220 ur·

116 1251 182 1309 sina
206 1246 287 1308 calvo
312 1244 347 1307 ad
371 1248 522 1326 integrum
546 1248 636 1325 capiti
659 1248 790 1327 inponat,
813 1246 953 1308 decorem
971 1250 1132 1327 pristinum

115 1338 259 1397 restituet
281 1334 464 1415 capillorum.
497 1334 541 1395 dd
565 1337 675 1395 tineam
695 1336 869 1397 curandam:
894 1336 1053 1417 Sulphuris
1073 1338 1132 1397 rivi
1150 1348 1184 1397 aa

118 1459 157 1467 -
179 1424 215 1507 ll,
238 1424 307 1485 salis
332 1424 447 1485 lossicli
472 1455 510 1466 -
531 1422 557 1504 l,
581 1433 668 1485 tunsa
691 1432 723 1486 et
745 1424 875 1486 cribrata
898 1425 970 1486 haec
993 1443 1061 1486 raso
1084 1444 1131 1486 ca·

115 1516 174 1593 piti
200 1522 231 1574 et
258 1513 318 1573 loto
346 1515 378 1573 in
407 1511 512 1573 balneo
541 1512 732 1593 confricabis,
761 1515 803 1574 ita
831 1524 864 1574 ut
891 1516 977 1592 prius
1005 1514 1042 1574 de
1065 1513 1131 1577 oleo

74 1617 100 1658 15
115 1602 202 1664 loeus
225 1604 332 1683 capitis
353 1603 490 1661 tineosos
513 1610 699 1679 perungatur
721 1609 752 1661 et
775 1603 818 1662 sic
838 1602 937 1681 pulvis
955 1604 1012 1662 iste
1031 1620 1131 1680 asper·

114 1699 204 1771 gatur
232 1700 262 1751 et
289 1690 340 1752 diu
369 1690 507 1769 fricetur,
535 1707 692 1769 quousque
721 1689 853 1769 liquefiat
883 1690 993 1750 sudore
1016 1690 1131 1767 capitis.

114 1780 180 1841 Hoc
203 1780 291 1840 modo
315 1781 394 1839 intra
417 1797 470 1839 sex
493 1778 556 1839 dics
580 1777 735 1839 curabitur
759 1779 846 1839 tinea.
884 1776 970 1839 Facit
990 1777 1048 1837 boc
1072 1796 1131 1837 me-

115 1870 253 1930 dicamen
276 1877 306 1929 et
329 1868 365 1928 ad
389 1866 550 1948 scabiosos,
578 1867 701 1947 prodest
728 1874 759 1927 et
782 1866 838 1947 bis,
861 1864 972 1946 quibus
995 1866 1131 1946 pustulae

115 1966 282 2019 nascuntur
311 1959 343 2017 in
373 1950 447 2017 lacis
475 1963 625 2036 umquam
649 1955 869 2036 elephantiacae
894 1954 1045 2017 rubentes.
1087 1954 1131 2015 dd
1151 1966 1184 2039 26

73 2062 101 2103 sc
115 2046 240 2126 capillos
259 2048 310 2125 qui
329 2053 397 2125 post
416 2046 618 2106 infirmitatem
637 2045 779 2106 decidunt
793 2044 1013 2107 confirmandos
1032 2043 1132 2105 cedria

115 2144 148 2196 et
175 2135 240 2195 olco
266 2136 332 2213 pari
360 2133 491 2213 pondere
519 2134 610 2194 mixto
639 2134 762 2195 adsidue
791 2149 843 2195 eos
864 2150 945 2213 unge
974 2141 1005 2193 et
1027 2132 1132 2193 leviter

115 2225 249 2304 pectina:
271 2222 405 2284 laudabis
429 2223 574 2283 ellectum.
614 2223 659 2283 dd
683 2222 805 2303 capillos
825 2223 1001 2284 decidentes
1024 2222 1130 2283 coudr-
1151 2232 1184 2281 2⁵1

115 2312 254 2373 mandas:
283 2312 407 2390 adipem
440 2312 572 2372 ursinam
600 2330 669 2372 cum
697 2312 801 2373 ladano
825 2310 965 2373 miscebis
989 2319 1019 2371 ct
1041 2317 1132 2389 caput

115 2418 266 2481 perunges
294 2399 341 2461 vel
362 2400 427 2461 loca
450 2398 644 2461 defluentium
663 2400 838 2479 capillorum
857 2408 908 2461 aut
926 2395 1023 2460 ladani
1041 2400 1131 2459 uncia

73 2508 101 2549 ae
115 2508 175 2551 una
203 2497 233 2549 et
261 2490 393 2551 cenulaei
421 2490 518 2550 unciis
545 2488 662 2550 duabus
689 2490 769 2549 tritis
799 2497 829 2549 et
856 2490 1013 2568 permixtis
1040 2494 1131 2566 caput

115 2594 297 2658 perungues.
330 2577 374 2638 Ad
393 2577 519 2639 fluentes
536 2577 673 2657 capillos:
694 2575 820 2637 scobem
838 2576 876 2637 de
895 2593 990 2636 corun
1009 2576 1130 2634 cervino
1149 2584 1183 2635 28

114 2669 265 2748 permisce
293 2685 360 2727 cum
390 2668 502 2727 semine
530 2668 619 2746 myrti
640 2668 744 2743 nigrae
770 2663 885 2724 adiecto
916 2662 1024 2741 butyro
1053 2661 1132 2722 oleo-

116 2774 176 2837 que
200 2763 231 2817 et
253 2757 343 2835 capiti
366 2772 432 2816 raso
456 2755 632 2816 densissime
655 2752 768 2833 obliue3
791 2753 880 2812 etiam
905 2767 941 2811 ex
959 2749 1131 2812 infirmitate

115 2844 244 2907 fluentes
276 2844 398 2923 capillos
429 2844 591 2905 efficaciter
623 2841 798 2904 continebis.
843 2839 1030 2901 Sandaracba
1062 2850 1131 2900 cum
1150 2850 1183 2900 aa

74 2950 102 2991 eo
117 2942 201 2995 aceto
224 2936 340 2995 incocta
368 2940 399 2994 et
426 2931 579 3011 emplastri
606 2950 688 2991 more
716 2932 845 3010 inposita
872 2929 1014 2991 liuentem
1043 2928 1131 3007 capil-

116 3023 178 3085 lum
201 3022 380 3083 validlssime
405 3020 518 3082 solidat.
564 3020 597 3081 Si
620 3022 688 3099 quis
711 3020 864 3081 maleficiis
887 3018 1009 3098 capillos
1032 3016 1131 3097 perdi·
1150 3028 1184 3077 ³0

117 3111 209 3192 derit,
235 3111 291 3172 bac
315 3129 366 3172 eos
390 3110 426 3171 ad
448 3111 605 3189 pristinam
628 3109 752 3170 formam
775 3111 889 3169 ratione
913 3106 1077 3187 reparabit,
1105 3108 1132 3166 si

116 3199 261 3261 lacertum
286 3200 396 3260 salsum
419 3206 598 3260 martensem
621 3216 690 3258 curn
714 3200 883 3278 suocapite
907 3204 938 3257 et
955 3195 1039 3256 lanae
1060 3210 1131 3273 pur·

116 3306 227 3367 pureae
255 3290 366 3367 optime
394 3290 426 3348 in
454 3286 606 3367 conchylio
635 3287 746 3347 tinctae
769 3285 842 3347 duas
864 3284 970 3363 ligulas
994 3293 1024 3345 el
1046 3281 1131 3344 char·

76 3394 103 3435 aa
117 3386 179 3437 tam
207 3376 345 3437 cubitalis
376 3392 533 3437 mensurae
561 3377 721 3454 separatim
749 3374 905 3435 comburat
937 3374 1130 3450 cineremque

116 3466 295 3545 permisceat
318 3471 511 3543 conteratque
530 3482 598 3523 cum
618 3464 683 3524 oleo
703 3462 824 3524 cedrino
844 3462 986 3543 paulatim
1004 3461 1130 3542 adiecto,

116 3563 151 3617 ut
174 3553 403 3615 crassitudinem
426 3551 506 3613 velut
533 3548 656 3630 glutinis
679 3552 782 3632 iaciat,
810 3558 906 3631 eoqu'c
933 3549 1129 3611 medicamine

917 3649 956 3703 4*
