2609 4017
595 134 809 197 ,14-

193 302 356 362 ferventem
380 300 508 358 mittitur
530 303 620 375 atque
645 296 706 357 11119
725 298 910 377 excoquitur,
932 294 1027 357 donec
1047 296 1125 357 cinis
1147 294 1215 375 fiat,

192 390 248 451 hoc
272 390 309 450 de
331 388 533 467 experimento
557 384 722 465 ypochyses
740 383 941 465 caliginesque
960 393 1100 465 potenter
1119 394 1213 465 atque

139 488 173 539 89
191 480 317 541 mirifice
335 484 451 557 purgat.
488 473 674 553 hnagallidos
693 473 803 535 herbae
821 473 878 535 ilos
890 493 1061 554 purpureus
1076 474 1112 535 ad
1129 494 1212 535 men·

193 587 292 630 suram
320 565 476 627 obolorum
503 566 595 625 trium
623 563 782 642 diligenter
809 566 898 624 tritus
927 573 957 624 et
984 583 1054 625 cum
1082 564 1211 643 pausillo

193 659 253 717 vini
275 657 385 717 veteris
408 656 519 715 mixtus
543 654 710 714 inunctioni
733 652 922 732 caligantium
945 653 1102 714 oculorum
1120 655 1234 714 mira-5

139 756 174 806 90
194 746 294 807 biliter
317 744 446 824 prodest.
488 742 628 804 Lacertas
651 744 793 823 pisinnas,
816 760 892 821 quae
915 744 947 803 in
970 742 1124 822 segetibus
1148 762 1208 803 mo-
1290 735 1291 754 *

194 843 306 913 rantur,
331 852 404 913 quas
423 832 527 893 Graeci
549 850 653 892 aruras
673 839 787 913 vocant,
810 831 968 893 conburito
991 832 1075 892 etad
1096 835 1209 893 tenuis·
1290 869 1291 908 y

194 926 301 985 simum
325 922 478 1002 pulverem
502 920 627 1000 redigite
651 929 739 999 atque
763 938 799 980 ex
823 939 858 980 eo
877 939 946 981 oum
964 923 1032 981 vino
1051 931 1104 982 aut
1121 920 1208 982 melle
1290 913 1291 918 ’

138 1023 172 1072 91
193 1016 303 1092 optimo
323 1012 483 1091 caligantes
497 1010 600 1071 oculos
614 1010 734 1088 inunge,
754 1009 837 1070 valde
851 1010 994 1088 proderit.
1024 1009 1208 1071 Centaureos
1290 1005 1291 1086 j

192 1104 316 1163 minoris
339 1119 411 1161 suco
435 1099 514 1160 oculi
537 1117 571 1158 ex
596 1096 682 1158 melle
705 1101 821 1159 inuncti
843 1098 968 1177 caligine
992 1100 1051 1159 cito
1072 1098 1246 1179 depositam

138 1201 173 1251 99
192 1192 397 1253 tenuissimam
429 1191 522 1249 aciem
550 1195 715 1249 resumunt.
762 1186 896 1248 Feniculi
923 1187 1031 1249 radicis
1064 1196 1207 1249 contusae
1290 1193 1292 1342 p

193 1299 265 1341 suco
299 1278 473 1340 tantundem
507 1276 602 1338 mellis
630 1278 736 1356 optimi
767 1276 933 1354 despumati
971 1278 1084 1337 utinam
1116 1278 1208 1338 Attici

193 1371 315 1429 misceto
344 1386 437 1447 eaque
465 1366 546 1427 lento
573 1367 642 1445 igne
671 1365 706 1425 ad
734 1364 830 1426 mellis
858 1365 1087 1426 crassitudinem
1111 1366 1207 1427 disco·
1290 1391 1292 1462 y

192 1460 275 1537 quito
299 1460 488 1537 repositoque
508 1457 539 1515 in
564 1454 672 1535 pyxide
696 1456 784 1514 etiam
807 1472 893 1515 aerea
915 1454 1036 1536 hahet03
1060 1474 1130 1516 cum
1149 1458 1207 1516 erit
1290 1467 1291 1486 ³

192 1566 279 1627 opus,
308 1564 376 1607 cum
405 1564 479 1625 aqua
508 1546 669 1606 cisternina
697 1552 749 1604 aut
774 1542 915 1603 muliebri
941 1543 1017 1604 lacte
1040 1546 1206 1624 inunguito,
1221 1565 1245 1604 15
1290 1581 1291 1630 y

137 1646 172 1695 99
192 1638 326 1716 quamvis
354 1652 470 1696 crassas
496 1633 636 1714 caligines
660 1634 719 1693 cito
743 1632 894 1693 discuties.
941 1631 1075 1695 Feniculi
1098 1634 1207 1695 radicis
1290 1637 1291 1704 l

192 1725 331 1786 decoctae
350 1743 426 1803 aqua
445 1722 547 1784 oculos
566 1722 689 1784 adsidue
709 1722 814 1802 loreto,
836 1723 895 1782 cito
914 1740 1031 1782 omnem
1050 1721 1207 1801 caliginem
1290 1709 1291 1758 3

137 1823 173 1874 94
192 1814 286 1875 tolles.
323 1812 557 1890 Caliginantihus
576 1810 671 1872 oculis
693 1813 775 1871 visus
789 1814 904 1871 acutior
918 1814 1096 1872 restituetur
1110 1830 1206 1891 neque
1290 1765 1292 1886 1

191 1901 276 1963 199119
299 1904 330 1961 in
358 1901 414 1961 hoc
437 1903 542 1961 vitium
565 1899 685 1978 incidet,
709 1902 762 1979 qui
784 1918 857 1961 usus
881 1900 972 1961 luerit
995 1900 1128 1961 remedio
1146 1900 1206 1982 tali,
1290 1889 1291 1904 ¹

192 1999 225 2051 ut
249 1998 424 2051 centaureae
450 1988 631 2067 manipulum
652 1987 780 2049 nitidum
802 1991 834 2050 in
858 1991 919 2049 vini
942 1991 1054 2071 optimi,
1077 1990 1130 2050 sed
1154 2008 1205 2049 no
1220 2010 1246 2049 ao
1290 1973 1291 2060 l

190 2078 322 2139 vellastri
352 2079 489 2157 congium
518 2079 613 2137 mittat
642 2080 805 2155 autetiam
830 2086 976 2158 excoquat
999 2097 1033 2140 ac
1056 2078 1156 2139 triduo
1175 2080 1206 2139 in
1290 2069 1291 2074 ¹

190 2167 309 2229 vasculo
333 2167 433 2227 clauso
457 2165 502 2226 vel
526 2173 630 2246 operto
653 2168 799 2227 macerari
817 2167 918 2249 laciat3
942 2167 1049 2228 deinde
1067 2176 1135 2247 post
1152 2170 1205 2228 tri·
1290 2167 1292 2246 l

191 2257 283 2318 duum
306 2256 455 2316 heminam
479 2254 543 2316 eiu's
567 2257 628 2316 vini
650 2257 772 2316 mixtam
792 2274 861 2316 cum
879 2256 972 2317 calida
992 2275 1068 2336 aqua
1091 2257 1206 2318 adiecto
1290 2253 1291 2334 l

137 2355 172 2405 95
192 2345 277 2406 melle
300 2348 419 2406 ieiunus
440 2351 575 2405 manente
594 2343 654 2405 illic
674 2352 832 2405 centaurea
852 2345 974 2406 cottidie
991 2345 1080 2407 bibat.
1116 2345 1206 2407 Lauri

191 2434 259 2495 lolia
283 2433 336 2493 XX
364 2433 470 2495 leviter
499 2435 626 2494 contrita
650 2451 737 2512 passo
761 2433 865 2494 diluito
890 2442 920 2495 et
942 2433 1034 2495 linteo
1057 2434 1151 2496 colato
1175 2443 1205 2495 91
1219 2454 1246 2495 ss

190 2526 221 2585 in
248 2522 406 2585 caccabulo
430 2523 588 2603 decoquito
616 2521 652 2582 ad
678 2522 906 2583 crassitudinem
935 2523 1032 2584 mellis
1059 2532 1145 2603 atque
1169 2542 1205 2583 ex
1290 2545 1292 2660 p

135 2624 171 2673 99
191 2632 226 2674 99
249 2615 415 2693 inunguito,
440 2613 600 2673 efficaciter
624 2610 781 2689 caliginem
803 2612 954 2673 discuties.
1000 2611 1094 2673 bacae
1116 2615 1206 2692 myrti

190 2720 280 2782 supra
304 2702 449 2763 carbones
473 2704 554 2761 vivos
578 2700 614 2760 ad
639 2700 888 2779 suffumigandum
912 2703 1027 2781 positae
1051 2701 1204 2781 caliginem
1290 2746 1292 2768 .

191 2799 364 2870 extenuant,
398 2792 424 2850 si
452 2789 546 2850 oculis
574 2790 685 2867 apertis
709 2789 823 2849 fumum
851 2808 953 2851 aarum
982 2793 1130 2870 patienter
1155 2808 1204 2850 ex·

138 2892 171 2941 99
191 2882 315 2957 ceperis.
352 2877 429 2939 Pulli
447 2878 640 2938 hirundinum
661 2876 705 2936 rel
722 2880 785 2937 assi
805 2877 849 2938 vel
868 2878 936 2940 elixi
953 2881 986 2939 in
1006 2879 1073 2940 cibo
1088 2880 1206 2959 saepius
1220 2898 1246 2938 so

136 2979 172 3029 98
192 2969 304 3045 sumpti
331 2966 425 3028 oculis
453 2964 680 3045 caliginantihus
704 2966 865 3028 efficaciter
887 2976 1021 3047 prosunt.
1065 2968 1206 3047 Lapidem

191 3055 388 3135 bostrychitin
411 3062 510 3115 tecum
535 3072 652 3132 semper
673 3053 789 3135 habeto,
813 3058 865 3134 qui
883 3057 919 3118 ad
939 3059 1032 3118 aciem
1051 3057 1206 3118 oculorum

138 3157 172 3206 99
192 3144 377 3205 excitandam
400 3143 560 3203 efficaciter
582 3144 713 3223 prodest.
759 3144 852 3206 Muris
875 3148 1010 3227 agrestis,
1033 3146 1063 3207 id
1088 3149 1206 3226 estqui

192 3236 223 3294 in
247 3235 358 3313 campis
382 3234 539 3315 invenitor,
563 3231 704 3293 conbusti
722 3233 798 3293 cinis
817 3237 964 3296 contritus
984 3242 1100 3296 etcum
1119 3233 1205 3295 melle

263 3436 460 3505 typoeheses.
535 3443 566 3491 15
585 3436 748 3508 inungueto.
822 3445 856 3494 27
875 3438 1037 3512 innngneto.
1104 3442 1205 3497 30119-

192 3508 349 3562 rundinum.
425 3513 457 3561 91
477 3507 678 3575 bostrychiten.
