2609 4017
477 161 721 225 -153-

92 321 186 381 omnia
218 321 297 382 haec
331 322 557 402 diligentissime
590 323 660 385 trita
692 330 723 384 et
753 321 840 384 melle
873 321 996 384 collecta
1027 322 1106 384 laho-

91 412 165 470 ranti
188 409 349 472 dabuntur
370 429 510 473 mensura
533 431 568 473 ac
591 414 706 472 ratione
729 414 778 492 ita,
804 419 838 473 ut
861 419 945 472 terna
969 412 1107 473 cocliaria

89 499 205 560 ieiunus
230 501 371 580 accipiat.

511 693 590 755 CAP.
615 693 689 755 xvi.

86 802 137 859 Au
159 818 286 862 omnes
310 807 485 863 molestias
506 806 610 862 tussis
633 809 669 863 st
691 807 822 863 subitae
843 809 879 862 et
897 807 1047 863 diutinae
1067 820 1107 863 ac

86 896 243 950 vetustae
259 899 299 950 at
312 895 420 952 siccae
439 898 544 964 atque
559 895 697 952 umidae
712 897 748 949 et
761 897 805 951 ad
823 896 983 966 pthisioos
1002 899 1106 967 atque

87 993 142 1038 eos
164 983 229 1052 qui
252 985 563 1054 sanguinulentum
586 986 622 1039 et
643 984 868 1054 purulentum
888 987 1050 1041 excreant
1071 986 1107 1041 st

86 1071 128 1124 ud
159 1073 341 1141 empyicos
373 1073 430 1129 vel
461 1072 716 1143 pleumoniacoa
752 1076 855 1144 atqua
890 1086 949 1128 eos
980 1074 1106 1142 qulbus

87 1169 166 1214 casu
190 1163 426 1230 sanguisugae
449 1163 538 1218 intra
565 1161 781 1218 stomachum
805 1161 1008 1232 inrepserint
1029 1175 1106 1218 nec-

86 1260 153 1303 non
176 1252 214 1304 et
237 1252 288 1306 ad
311 1249 479 1307 stomachi
500 1251 681 1306 stridorem
709 1253 745 1306 et
766 1264 810 1306 ne
833 1251 945 1306 media
968 1250 1107 1306 doleant

216 1339 375 1395 remedia
396 1339 537 1409 physica
560 1342 595 1394 et
616 1339 828 1396 rationabilia
851 1340 985 1396 diversa

443 1429 486 1483 de
510 1427 759 1498 experimentis.

173 1561 321 1626 Pastillus
344 1564 380 1625 ad
404 1572 518 1626 tussem
541 1572 572 1625 et
595 1563 823 1625 destillationem
842 1566 972 1643 pectoris
994 1572 1025 1624 et
1042 1531 1140 1642 pul-t

54 1660 65 1700 ⁵
89 1651 184 1711 monis
212 1663 247 1714 at
275 1653 313 1714 ad
342 1653 500 1732 epiphoras
527 1652 683 1713 oculorum
710 1660 741 1713 et
770 1655 885 1713 vesicae
914 1651 1047 1713 dolorem
1077 1661 1107 1712 et

91 1737 198 1814 quihus
227 1742 322 1803 tubus
353 1743 556 1822 strangulatur
583 1743 703 1820 saepius
731 1749 761 1800 et
789 1758 849 1800 non
879 1743 944 1800 sine
972 1742 1106 1801 cruciatu

90 1827 205 1888 urinam
235 1831 365 1910 faciunt,
393 1833 465 1892 item
488 1831 524 1891 ad
552 1847 618 1910 eos,
646 1831 699 1908 qui
722 1830 896 1908 sanguinem
919 1847 971 1888 ore
995 1831 1107 1889 eiciunt

91 1923 139 1975 ant
166 1935 222 1995 per
251 1921 369 1980 urinam
393 1919 536 1999 reddunt,
563 1919 599 1979 ad
628 1919 824 1979 deiectionem
849 1936 967 1997 quoque
997 1917 1054 1978 alvi
1077 1927 1107 1978 ct

91 2001 125 2061 ad
147 2009 279 2068 tormina
304 2015 335 2068 et
356 2008 540 2086 gravidinem
562 2009 676 2069 ventris
697 2015 727 2068 et
745 2006 894 2067 choleram
913 2016 944 2068 et
962 2007 1108 2068 stomachi

59 2102 81 2141 10
93 2090 227 2156 crebram
253 2114 408 2175 nauseam,
437 2114 512 2175 quae
536 2115 605 2157 cum
628 2098 741 2156 vomitu
765 2098 829 2156 sine
852 2095 929 2157 febri
952 2097 1114 2178 excitatur,

92 2179 170 2241 utilis
198 2192 248 2246 est
276 2191 307 2245 et
334 2185 480 2264 quidquid
507 2186 632 2264 reprimi
654 2192 684 2245 et
708 2186 814 2245 siccari
837 2193 970 2265 oportet,
995 2187 1105 2264 optime

94 2275 260 2353 conpescit3
287 2281 441 2352 praeterea
467 2273 537 2334 facit
560 2282 590 2333 et
613 2272 648 2333 ad
672 2275 804 2333 omniurn
823 2275 953 2352 partium
972 2275 1107 2353 corporis

94 2354 224 2421 dolorem
248 2372 368 2440 praeter
391 2364 509 2442 capitis3
534 2363 713 2442 quinetiam
737 2364 762 2422 si
781 2362 898 2440 quando
917 2361 1043 2422 alicuius
1062 2362 1107 2422 rei
1127 2355 1130 2360 ’

95 2460 178 2507 causa
203 2450 307 2510 datum
331 2450 437 2533 luerit,
467 2451 540 2512 aliae
568 2453 614 2511 rei
642 2452 712 2512 vitio
737 2469 795 2510 non
820 2452 877 2510 erit
900 2450 957 2510 hoc
980 2450 1106 2510 medica-

62 2542 85 2582 1⁵
96 2544 236 2599 mentum.
277 2537 352 2599 Cum
380 2547 479 2600 autem
502 2539 538 2599 ad
562 2541 674 2620 omnia,
698 2557 773 2617 quae
797 2556 887 2616 snpra
911 2538 985 2618 dixi,
1012 2539 1106 2598 mani·

95 2620 165 2684 teste
188 2629 300 2708 prosit,
327 2636 391 2689 tum
414 2630 573 2707 praecipue
596 2629 633 2689 ad
661 2629 745 2688 initia
767 2626 901 2704 pthiseos
923 2625 1000 2685 hene
1024 2625 1107 2705 lacit3

96 2711 201 2776 multos
227 2719 306 2776 enim
324 2719 437 2794 eripuit
455 2735 491 2778 ax
510 2734 615 2795 magno
634 2715 768 2795 periculo
789 2713 941 2776 interdum
959 2713 1006 2774 his
1025 2721 1107 2774 terve
1193 2738 1195 2743 ·

97 2797 178 2863 datus
201 2805 254 2865 hic
276 2805 424 2885 pastillus,
448 2807 556 2883 recipit
579 2813 678 2866 autem
701 2804 788 2864 haec:
820 2803 936 2883 Myrrae
959 2801 1107 2882 troglody-

98 2888 170 2952 tidos
194 2892 222 2952 Χ
239 2892 286 2974 Vl,
309 2895 392 2954 croci
414 2892 440 2954 ll
458 2893 491 2975 V,
514 2895 592 2955 turis
612 2892 638 2952 li
656 2892 688 2974 V,
713 2895 772 2972 opii
791 2892 817 2952 ll
836 2890 898 2972 1111,
922 2892 1026 2954 alterci
1049 2891 1107 2953 alhi

65 2982 216 3042 nseminis
239 2980 351 3062 iiiiii,
380 2982 558 3061 Apollinaris
588 2981 698 3042 herbae
722 2982 831 3042 radicis
855 2983 976 3043 corticis
1000 2980 1107 3042 llllll.

100 3062 296 3131 Contunditnr
318 3070 391 3132 haec
415 3079 517 3133 cortex
540 3089 594 3149 per
617 3089 649 3131 se
673 3079 703 3132 ei
724 3070 873 3132 cribratur
896 3073 979 3132 tenui
999 3070 1107 3150 cribro,

165 3247 181 3295 2
201 3257 347 3296 mensurae
364 3241 485 3296 ratione

164 3313 221 3368 iit:
240 3311 391 3368 melantius.
464 3311 671 3382 sanguisugiae.

165 3384 319 3438 eoholara
376 3389 409 3438 10
422 3383 566 3439 vomitum
625 3389 656 3436 11
674 3383 787 3452 oportit.
838 3388 870 3437 13
889 3383 971 3437 verba
989 3379 1107 3435 alicuius

99 3449 413 3509 rannemundus
431 3455 474 3509 rei
491 3459 622 3523 corrupta
637 3469 692 3508 esse
705 3455 841 3510 nimaina.
916 3458 948 3506 16
967 3449 1107 3532 pthiseos]

100 3519 237 3588 pthisicos.
314 3530 348 3580 18
366 3525 578 3594 trocloditydos.
651 3529 685 3579 20
706 3525 847 3580 corticem.
920 3529 952 3578 21
974 3521 1071 3579 cortix.

1136 3746 1254 3992 s
