2609 4017
580 169 818 234 -162—

190 342 296 413 genter
322 336 355 394 iu
377 351 447 394 vaso
470 335 566 393 vitreo
590 350 718 412 repones
741 340 830 412 atque
854 351 890 393 ex
914 351 949 394 eo
975 335 1094 393 ieiunus
1118 340 1209 392 terna

191 423 336 485 coclearia
363 421 485 484 cottidie
513 440 628 501 sumes3
656 441 750 501 aeque
777 422 901 501 prodest
928 421 1074 482 marrubii
1099 421 1210 481 viridis

190 531 282 573 sucus
310 529 379 572 cum
412 509 509 571 meliis
536 510 704 590 despumati
732 513 797 589 pari
827 529 968 572 mensura
999 511 1144 571 decoctus
1177 519 1211 572 et

190 602 325 662 cocleare
349 599 437 679 pleno
460 616 546 660 mane
569 608 707 679 sumptus
731 608 761 660 et
783 618 915 679 vespere.

136 703 171 750 42
278 688 378 748 Herba
404 690 567 767 argimonia
595 690 723 749 contrita
751 697 781 748 et
813 707 849 748 ex
882 691 950 748 vino
982 697 1083 749 vetere
1110 686 1239 748 dilutas

161 838 163 841 .
190 780 276 857 potui
298 776 366 838 data
388 779 476 837 unice
499 777 697 838 tussientibus
720 777 851 858 prodest,
873 783 982 855 tamen,
1005 784 1039 838 ut
1062 776 1134 857 dixi,
1155 778 1209 854 qui

135 880 170 928 43
190 865 400 927 remediandos
422 873 469 926 est
491 867 610 927 ieiunus
633 868 768 945 accipiat.
809 865 899 926 Betae
922 865 1006 925 radix
1027 867 1132 943 pipere
1158 864 1209 924 ad·

189 957 267 1016 10010
291 957 467 1034 conteritur,
490 973 526 1014 ex
550 973 585 1014 eo
608 954 645 1014 ad
668 957 782 1033 piperis
805 954 1038 1033 magnitudinem
1057 955 1209 1030 catapotia

189 1045 274 1125 fiunt,
291 1043 361 1104 inde
374 1044 445 1104 hina
462 1045 563 1104 ieiuno
582 1043 650 1104 data
670 1044 858 1124 devorantur,
877 1043 971 1103 donec
988 1043 1080 1103 tussis
1098 1043 1208 1102 vitium

136 1146 172 1194 44
190 1141 393 1194 consenescat.
434 1131 531 1192 Fabae
559 1131 670 1193 solidae
696 1151 821 1211 granum
844 1132 977 1193 infusum
999 1133 1031 1190 in
1054 1148 1133 1210 aqua
1156 1129 1208 1190 ad·
1225 1147 1252 1187 10

191 1240 286 1301 eoque
314 1221 463 1299 inflatum,
491 1228 526 1281 ut
553 1220 620 1300 plus
647 1223 761 1282 umoris
789 1228 917 1301 nequeat
941 1219 1075 1299 haurire,
1103 1217 1208 1279 subito

137 1324 172 1373 45
191 1310 365 1371 devoratum
393 1318 507 1371 tussam
537 1311 612 1370 mire
641 1309 726 1370 tollit.
772 1309 891 1370 Lotium
923 1308 1085 1370 humanum
1117 1315 1209 1368 vetus

191 1399 306 1460 adiecto
330 1416 428 1478 croco,
452 1407 486 1459 ut
508 1397 582 1459 odor
605 1401 670 1459 eius
694 1398 857 1479 occulatur,
880 1398 1056 1458 exhaustum
1087 1403 1209 1456 veteres

137 1503 172 1551 40
191 1495 290 1548 tusses
313 1495 344 1548 et
367 1505 432 1568 eos,
459 1489 512 1565 qui
539 1505 640 1548 crassa
662 1489 770 1567 pituita
794 1494 951 1566 vexantur,
978 1485 1124 1546 emendat.
1173 1484 1209 1544 Si

191 1579 241 1638 oui
262 1576 353 1637 saliva
376 1575 513 1637 resiliens
536 1584 650 1637 tussem
674 1578 811 1658 moverit,
840 1575 946 1655 aliquis
969 1577 998 1636 ei
1019 1576 1051 1635 iu
1073 1573 1210 1634 frontem
1225 1590 1253 1632 1⁵

137 1679 171 1728 4‘1
190 1664 300 1747 sufflet,
318 1668 417 1726 statim
437 1664 555 1726 desinit.
582 1663 627 1724 Ex
647 1684 701 1725 oro
720 1665 797 1726 duro
815 1666 941 1725 interius
961 1664 1040 1742 quod
1055 1670 1101 1723 est
1114 1680 1208 1740 passo

189 1756 326 1816 intritum
355 1754 480 1816 adiectis
507 1772 601 1834 aquae
628 1753 740 1815 calidae
769 1753 882 1834 cyathis
909 1752 1025 1813 duobus
1054 1753 1093 1831 si,
1121 1759 1208 1812 ante-

190 1861 279 1922 quam
302 1842 437 1904 cubitum
460 1860 524 1924 eac,
551 1841 676 1923 biberis,
707 1845 885 1922 quietiorem
912 1861 928 1902 a
956 1842 1033 1902 tussi
1060 1842 1209 1900 maiorem

188 1939 304 2008 partem
333 1933 430 1991 noetis
457 1929 582 1991 habebis
609 1939 640 1993 et
667 1933 733 1992 eius
760 1934 889 2010 potionis
915 1929 1091 1992 adsiduitate
1120 1947 1208 1990 sana·

137 2031 172 2080 48
190 2017 271 2078 bere.
303 2018 383 2079 Faba
401 2019 480 2079 fresa
498 2019 705 2100 tussientibus,
724 2023 755 2080 in
775 2039 832 2101 qua
850 2019 947 2080 aleum
966 2026 1085 2080 coctum
1103 2018 1209 2099 fuerit,
1223 2035 1250 2074 ao

189 2108 316 2166 maxime
345 2106 469 2184 prodest
495 2106 542 2167 vel
569 2126 605 2167 ex
634 2109 719 2169 melle
748 2111 779 2171 in
807 2109 874 2170 cibo
902 2115 1019 2187 sumpta
1042 2107 1209 2167 efficaciter

190 2194 356 2256 remedium
379 2203 519 2274 praestat,
542 2195 595 2256 sed
619 2204 649 2257 et
667 2197 844 2275 purulentas
862 2198 1064 2257 excreationes
1083 2195 1209 2256 cohibet

137 2296 172 2346 49
192 2291 223 2344 et
245 2291 338 2344 sanat.
379 2282 469 2345 Ficus
492 2287 589 2347 siccae
615 2295 677 2346 tres
701 2305 770 2347 cum
792 2287 898 2366 hysopi
920 2284 1037 2346 modico
1060 2293 1090 2344 et
1112 2301 1207 2362 parvo

190 2379 275 2433 rutae
294 2371 435 2434 fasciculo
460 2382 491 2433 et
510 2377 661 2452 quartario
680 2375 867 2454 foenugraeci
884 2375 1004 2452 purgati
1022 2391 1091 2434 cum
1109 2390 1207 2450 aquae

191 2460 301 2521 nitidae
331 2463 459 2522 sextario
489 2480 638 2541 propenso
669 2464 700 2524 in
730 2463 786 2523 0114
816 2462 886 2525 rudi
912 2462 948 2523 ad
975 2462 1089 2523 medias
1116 2461 1205 2522 deco·
1221 2478 1249 2519 as

191 2558 325 2629 quuntur
348 2559 378 2612 et
400 2550 545 2632 colantur,
568 2550 638 2612 inde
661 2559 724 2612 tres
743 2554 879 2631 potiones
900 2551 1106 2631 pertriduum
1125 2553 1206 2612 tussi

136 2650 170 2701 00
189 2641 280 2701 nimia
302 2638 507 2701 laborantibus
529 2641 651 2720 dantur3
674 2642 783 2701 mirum
807 2641 972 2702 remedium
995 2648 1049 2701 est.
1092 2639 1205 2701 Serum

190 2731 289 2791 ovium
313 2728 470 2790 decoctum
497 2737 527 2789 et
550 2747 619 2790 cum
641 2730 710 2790 vino
734 2739 853 2792 austero
877 2728 1018 2808 depotum
1041 2731 1118 2790 tussi
1142 2746 1205 2789 me·

135 2826 169 2877 01
188 2817 285 2878 detur.
320 2815 486 2878 Sandaraoa
505 2835 625 2896 quoque
649 2835 717 2878 cum
741 2821 840 2880 resina
863 2817 1063 2879 terebinthina
1086 2835 1123 2877 ex
1147 2835 1203 2877 ovo

134 2915 169 2964 52
188 2903 294 2965 sorhtti
313 2913 430 2984 sumpta
445 2914 559 2967 tussam
572 2905 727 2970 remediat.
758 2905 928 2968 Vettonieae
942 2904 1060 2985 pollinis
1078 2901 1161 2983 drag.
1175 2905 1204 2966 11
1218 2923 1246 2964 aa

188 2993 220 3053 in
243 2994 323 3071 passi
346 2991 457 3054 Cretici
479 2994 593 3072 cyathis
616 2995 734 3058 duobus
757 2997 903 3074 permixta
928 3013 1003 3075 aqua
1027 2992 1120 3055 calida
1144 2996 1204 3057 uti·

188 3080 258 3142 liter
280 3080 436 3142 adversum
459 3089 573 3144 tussam
595 3083 750 3146 bibuntur.

134 3180 170 3230 03
278 3168 411 3231 Palmare
433 3170 601 3233 remedium
624 3172 660 3232 ad
680 3181 792 3234 tussam
812 3175 871 3234 sic:
893 3172 1028 3234 Feniculi
1046 3175 1119 3234 sicci
1137 3175 1205 3236 triti
1296 3167 1297 3184 ¹

189 3252 229 3346 y·
257 3257 348 3341 Vllll,
376 3259 477 3321 anethi
504 3260 640 3322 similiter
670 3255 709 3347 3·
738 3261 830 3337 111111,
859 3263 919 3340 opii
947 3261 1071 3340 Hispani
1099 3255 1140 3348 l9·
1166 3262 1202 3324 11

279 3469 310 3517 11
331 3463 464 3519 humoris.
538 3470 570 3519 13
589 3467 745 3521 onustum.
805 3474 840 3522 24
858 3467 1026 3537 fenograeci.
1082 3473 1117 3524 25
1135 3484 1200 3536 pro-

187 3549 290 3600 pensae
310 3535 469 3589 0044004100.
520 3541 554 3589 29
572 3537 755 3592 terebentine.
810 3545 843 3592 31
863 3539 1019 3608 permixtae
1038 3537 1199 3596 Carnarius.

83 3700 161 3722 A.
