2609 4017
584 189 825 253 -114-

147 370 181 419 82
201 358 379 434 stringetur:
406 373 475 415 eum
499 353 623 414 solveris
645 361 677 414 et
698 354 874 428 removeris,
898 351 979 412 fluet
1020 351 1220 431 Caprollcum,

203 463 278 525 quae
301 446 333 504 in
356 443 453 522 lapide
476 445 618 522 nascitur,
641 441 764 522 colliges
787 443 848 502 sive
872 444 981 502 siccam
1005 457 1059 501 seu
1080 441 1220 520 undem,

202 534 232 594 id
256 542 302 594 est
324 535 423 612 ipsum
446 549 581 612 pomum,
607 539 638 592 et
660 533 691 591 in
714 530 791 610 pelle
814 532 935 610 caprina
957 529 1121 591 involutum
1143 529 1220 608 liga·

202 622 248 682 bis
271 622 308 682 de
331 621 409 702 licio,
432 620 512 700 quod
534 623 566 680 ln
588 620 647 680 tela
671 620 770 699 luerit,
792 627 823 680 et
845 622 875 680 ei
891 619 957 680 loco
976 619 1115 698 adpones,
1133 619 1218 680 unde

201 713 259 771 erit
282 711 436 788 sanguinis
453 710 553 792 llario,
576 711 677 771 statim
695 708 893 788 cohibebitur,
916 711 978 770 sive
996 711 1059 769 viro
1079 709 1116 769 de
1134 711 1247 769 nari-5

200 799 257 860 bus
281 802 343 859 sive
365 797 485 859 mulieri
507 799 544 859 (le
566 800 641 859 locis
665 797 930 859 verecundioribus
952 798 1032 858 fluat

630 992 711 1056 CAP.
733 991 783 1054 xl.

197 1105 297 1161 Vitiis
310 1106 482 1162 labiorum
496 1107 532 1161 et
544 1105 688 1176 gingivis
703 1107 739 1160 et
752 1105 895 1161 osoidini
908 1108 944 1161 et
958 1105 1025 1161 oris
1037 1105 1217 1161 ulceribus

199 1197 235 1250 et
263 1196 365 1251 fetori
388 1198 424 1252 et
449 1196 586 1264 linguae
614 1193 749 1263 pusulis
777 1196 812 1249 et
837 1195 942 1264 palati
969 1194 1216 1250 exulcerationi

326 1285 477 1340 remedia
499 1283 639 1354 physica
662 1285 698 1338 ot
718 1282 931 1339 rationabilia
954 1283 1088 1340 diversa

547 1373 590 1427 do
613 1371 863 1443 experimentis.

162 1520 176 1567 1
286 1508 362 1570 Vitia
385 1511 445 1569 oris
469 1517 499 1569 el
522 1508 652 1568 faucium
676 1516 706 1568 el
728 1508 838 1589 ulcera,
861 1527 936 1587 quae
962 1511 993 1568 in
1016 1527 1068 1570 ore
1087 1509 1165 1570 liunt
1184 1518 1214 1569 et

197 1597 336 1659 celeriter
359 1601 541 1678 nigrescunt,
564 1599 643 1657 inter
666 1599 750 1656 inilia
769 1605 886 1675 oportet
904 1597 996 1658 rebus
1017 1597 1213 1678 simplicibus,

197 1687 227 1747 id
251 1696 297 1748 est
319 1706 394 1767 aqua
418 1686 512 1748 calida
534 1705 590 1765 per
613 1704 645 1746 se
671 1685 716 1745 vel
740 1687 843 1766 mulsa,
869 1693 972 1765 postea
994 1706 1065 1747 vero
1088 1687 1212 1747 decocta

197 1795 273 1856 aqua
296 1796 364 1837 crim
388 1775 527 1837 lenticula
549 1775 595 1836 vel
618 1773 757 1854 palmulis
775 1775 822 1835 vel
840 1774 995 1856 capreolis,
1017 1776 1112 1836 idest
1131 1792 1255 1836 sum-10

197 1865 352 1926 mitatibus
376 1867 489 1944 vitium,
511 1864 558 1924 vel
580 1864 666 1923 malis
689 1863 829 1942 cydoneis
848 1872 898 1924 aut
916 1864 1049 1943 mespilis
1067 1875 1118 1925 aut
1136 1867 1211 1943 piris

163 1952 352 2031 asyriaticis
376 1961 428 2013 aut
449 1970 535 2012 rosae
558 1952 637 2012 loliis
662 1951 777 2014 adiecto
796 1953 883 2013 melle
902 1955 1010 2013 curari.
1042 1953 1140 2032 adeps
1159 1972 1210 2013 an-

198 2044 316 2102 serinus
339 2049 391 2101 ant
413 2041 593 2120 gallinaceus
615 2043 708 2101 rimas
734 2041 880 2102 labiorum
908 2044 1026 2121 egregie
1054 2051 1140 2103 curat
1166 2045 1210 2102 in·

160 2141 176 2187 3
195 2132 321 2207 positus.
350 2127 595 2208 Nigreseentibus
614 2129 766 2191 ulceribus
784 2130 919 2210 proderit
932 2131 1062 2192 colluere
1077 2149 1110 2191 os
1125 2149 1210 2211 aqua,

196 2219 226 2277 in
256 2236 313 2296 qua
341 2226 459 2278 coctum
488 2220 528 2279 sit
554 2218 713 2280 lentiscum
741 2219 787 2280 vel
819 2219 913 2280 rubus
938 2219 984 2280 vel
1015 2228 1130 2299 myrtus
1161 2220 1210 2280 vel
1224 2238 1250 2278 15
1289 2267 1290 2272 ,

196 2306 269 2365 rhus
289 2305 442 2386 Syriacum
466 2307 512 2368 vel
535 2308 696 2369 oleastrum
715 2308 762 2369 vel
780 2310 863 2369 iunci
880 2308 973 2389 radix,
996 2326 1085 2388 quam
1103 2308 1210 2370 Graeci

195 2412 325 2474 cyperon
354 2404 473 2475 vocant,
501 2404 552 2457 aut
579 2397 717 2458 similiter
744 2397 859 2458 adiecta
886 2415 940 2477 per
968 2416 1000 2458 se
1027 2406 1059 2458 et
1086 2396 1207 2458 decocta

195 2483 269 2562 galla
289 2484 417 2564 Syriaca.
463 2484 620 2564 Oportebit
642 2493 742 2546 autem
766 2503 934 2565 perungere
961 2486 1084 2547 adsidue
1107 2485 1208 2547 ulcera

195 2590 267 2634 suco
290 2573 373 2655 rubi,
401 2574 533 2655 lentisci,
560 2574 694 2652 oleastri,
721 2592 807 2636 rosae
830 2575 935 2636 viridis
958 2575 1111 2656 loliorum3
1137 2575 1207 2635 lacit

192 2661 268 2722 bene
296 2671 327 2723 et
354 2663 397 2724 sal
424 2665 529 2724 tritum
553 2681 621 2724 cum
644 2662 731 2723 melle
754 2662 937 2724 inculcatum
960 2666 1080 2743 copiose
1103 2663 1139 2724 ad
1162 2666 1205 2724 ni·
1221 2683 1248 2721 ao

157 2752 340 2829 agridinem
363 2751 467 2813 talium
485 2752 620 2813 ulcerum
639 2751 809 2813 eruendam.
848 2751 937 2813 Labie
955 2759 1043 2832 rupta
1062 2754 1109 2813 vel
1127 2752 1206 2814 exul·
1285 2787 1286 2808 2

193 2850 292 2900 cerata
319 2842 394 2900 mira
423 2841 575 2900 celeritate
605 2839 737 2920 sanabis,
765 2843 791 2900 si
817 2857 916 2902 ceram
940 2843 972 2901 in
995 2841 1060 2902 oleo
1084 2859 1206 2902 rosaceo
1285 2809 1286 2897 l

192 2928 229 2988 ad
253 2930 348 2988 ceroti
371 2929 490 2989 modum
513 2927 703 3006 liquefeceris
726 2947 855 3008 eumque
878 2931 909 2989 in
930 2929 1056 2991 caccabo
1079 2930 1126 2990 vel
1148 2932 1205 2990 aci·
1284 2963 1285 3023 p

192 3014 291 3077 tabulo
315 3017 527 3097 conferbuerit,
552 3015 700 3077 anchusae
723 3017 839 3078 radices
863 3018 1008 3079 adieceris
1031 3027 1062 3079 et
1085 3019 1204 3098 refrige-

156 3111 255 3166 5rato
279 3107 411 3184 unguine
429 3107 460 3166 in
480 3114 598 3167 noctem
616 3103 692 3166 labia
711 3105 858 3167 inleveris.
895 3107 930 3168 ln
953 3110 1002 3168 ori
1020 3116 1097 3168 testa
1115 3125 1203 3168 mem·
1216 3125 1243 3164 as
1283 3087 1284 3151 l

155 3206 171 3254 o
191 3192 282 3254 brana
298 3211 373 3272 quae
387 3194 490 3254 haeret
505 3196 602 3273 ruptis
616 3192 702 3255 labiis
716 3203 798 3256 reete
812 3196 981 3274 adponitur.
1008 3195 1080 3276 Alga
1093 3199 1203 3258 marina

190 3284 269 3344 sicca
295 3283 478 3363 candidaque
502 3283 635 3363 adposita
658 3282 744 3344 labiis
766 3286 865 3362 ruptis
889 3285 1050 3346 efficaciter
1072 3286 1200 3364 prodest.

259 3423 302 3543 pp.
320 3417 441 3560 ffieytrluls]
470 3491 590 3544 mirium.
701 3495 733 3544 18
757 3496 821 3559 post
850 3487 965 3558 Syriaca
991 3493 1056 3548 odd.
1085 3495 1201 3548 contusa

189 3559 350 3614 Carnarius.
423 3565 458 3615 20
476 3559 667 3616 inculcietum.
740 3566 775 3614 ab
793 3559 920 3616 iulueris.

92 3664 175 3705 Δ,
