2609 4017
592 167 831 231 -344-

203 329 351 412 selibram,
370 338 458 391 tunsa
476 329 550 390 haec
565 337 654 408 atque
669 329 799 390 cribrata
813 330 979 389 miscentur
996 337 1027 390 et
1041 348 1108 390 cum
1122 347 1213 408 aquae
1279 300 1280 377 ἶ

202 419 339 500 pluvialis
353 417 384 479 ἃ
400 418 455 479 llll
473 418 509 479 ad
530 418 641 479 medias
662 417 880 498 decoquuntur,
899 436 936 478 ex
951 436 986 478 eo
1000 419 1108 479 cotidie
1122 426 1212 478 testes
1279 424 1280 463 ³

149 521 185 570 29
202 516 354 570 tumentes
382 507 459 568 inliti
488 508 632 567 citissime
660 509 877 585 reprimuntur.
917 506 1057 568 Contusis
1084 515 1113 567 ct
1136 525 1212 566 com·
1279 530 1280 533 ¹

202 599 315 677 pressis
338 595 465 658 testibus
488 597 547 656 cito
570 595 744 675 subvenies,
767 597 794 656 si
816 597 932 656 cicutae
955 594 1026 655 lolia
1050 597 1120 655 trita
1145 613 1209 656 cnm

202 685 330 765 pauculo
349 686 426 744 aceti
444 683 578 762 inducas,
598 686 639 744 ita
659 692 693 744 ut
711 683 895 744 medicamen
913 683 1097 762 glutinosum
1117 685 1233 763 laciasa

203 782 233 834 et
256 791 309 853 per
333 773 464 833 triduum
487 790 581 850 ponas
605 780 635 833 et
658 791 744 833 mane
767 790 801 833 ac
823 791 947 851 vespera
969 791 1105 833 renoves.

148 875 184 924 30
291 861 384 922 bacae
409 863 544 940 cupressi
563 868 706 921 contusae
724 879 792 921 cum
811 863 936 940 axungia
955 870 1056 922 vetere
1076 861 1209 922 subactae

203 957 233 1010 et
256 958 406 1029 tamquam
429 950 572 1028 malagma
590 951 747 1028 impositae
765 949 923 1010 herniosos
941 953 1030 1011 etiam
1049 950 1166 1011 adultos
1182 959 1210 1009 et

203 1041 342 1118 antiquos
364 1046 504 1117 potenter
527 1040 636 1098 iuvant.

148 1140 183 1189 31
292 1127 336 1188 Ad
350 1131 462 1189 veretri
476 1127 608 1188 dolorem
625 1135 833 1205 tumoremque
848 1126 1014 1188 remedium
1028 1129 1086 1189 sic:
1104 1127 1211 1206 betam,
1221 1143 1241 1182 u

205 1216 242 1277 de
273 1235 329 1296 qua
359 1235 475 1298 semen,
503 1217 637 1295 decoque
661 1234 697 1276 ex
720 1233 797 1294 aqua
819 1223 908 1294 atque
931 1234 966 1276 ea
989 1216 1113 1276 adsidue
1135 1233 1211 1275 vere·

203 1312 284 1365 trum
308 1323 361 1382 per
381 1305 512 1365 triduum
532 1306 597 1365 love
616 1312 647 1364 ct
665 1312 765 1366 tumor
784 1303 938 1365 sedabitur
955 1312 987 1364 et
1004 1307 1110 1366 vitium
1129 1322 1211 1364 omne

149 1405 184 1454 32
203 1393 326 1453 reducta
349 1392 487 1472 pellicula
506 1393 668 1454 sanabitur.
706 1392 784 1455 Suco
802 1392 913 1454 herbae
932 1396 1098 1454 vettonicae
1116 1392 1212 1473 tepido

204 1483 272 1542 vino
300 1483 391 1542 mixto
419 1490 571 1543 veretrum
599 1482 722 1542 adsidue
752 1483 817 1542 iove
845 1480 892 1542 vel
919 1484 1014 1561 ipsam
1042 1485 1145 1542 tritam
1167 1481 1212 1542 ad·

148 1583 184 1632 33
204 1589 289 1650 pone.
327 1569 499 1630 Portulacae
522 1589 613 1630 sucus
636 1568 710 1630 tubo
733 1569 878 1630 laboranti
901 1589 954 1649 per
977 1570 1152 1650 clysterium
1169 1572 1210 1630 io·
1222 1586 1242 1624 1⁵

203 1661 315 1719 missus
333 1661 408 1719 mire
427 1659 563 1740 prodest3
582 1661 645 1737 ipsa
665 1660 755 1718 etiam
774 1660 844 1718 trita
859 1661 1091 1737 superimposita
1105 1658 1213 1719 iuvabit
1279 1734 1280 1739 η

204 1755 234 1808 et
257 1749 326 1826 quia
350 1749 409 1808 cito
433 1749 552 1826 arescit,
574 1746 745 1825 plusculum
766 1749 830 1807 suci
850 1750 915 1809 eius
934 1765 1110 1826 expressum
1129 1747 1212 1808 debet
1279 1764 1280 1831 y

203 1835 240 1896 ad
263 1835 514 1912 necessitudinem
538 1835 709 1896 huiusmodi
733 1837 887 1896 reservari.

150 1937 185 1985 34
292 1923 392 1985 Pulvis
411 1927 605 1986 tenuissimus
619 1925 656 1984 de
670 1926 760 2003 myrti
774 1923 853 1984 foliis
868 1924 1007 1985 arefactis
1020 1923 1118 1985 ulceri
1131 1942 1210 1984 verc-

149 2024 184 2072 35
203 2014 244 2072 tri
270 2015 426 2091 inspersus
454 2014 608 2075 celerrime
631 2013 762 2091 prodest
803 2011 933 2073 Nucleos
955 2015 1061 2092 piueos
1085 2015 1208 2073 minutos
1220 2029 1240 2066 n

203 2108 346 2178 purgatos
370 2118 493 2161 numero
514 2101 595 2161 XXX
618 2102 734 2161 adiecto
757 2101 887 2179 pauxillo
910 2104 991 2162 croci
1015 2101 1106 2161 simul
1129 2103 1209 2162 tritos

204 2189 230 2247 si
259 2189 326 2265 quis
354 2205 390 2248 ex
417 2190 498 2266 passi
526 2189 630 2268 cyatho
659 2189 768 2249 cotidie
792 2207 846 2266 per
870 2190 934 2250 dies
957 2189 1036 2248 Vllll
1059 2192 1209 2250 continuos
1279 2190 1280 2249 4

150 2289 185 2339 36
204 2274 295 2355 bibat,
317 2278 392 2336 mire
416 2279 500 2355 penis
519 2279 591 2338 vitio
610 2275 808 2356 celeriterque
827 2276 988 2339 sanabitur.
1016 2277 1130 2338 Ervum
1146 2296 1209 2357 pur-

203 2371 305 2444 gatum
333 2364 467 2426 molitum
496 2374 526 2426 et
552 2368 584 2426 in
612 2365 737 2426 farinam
759 2369 965 2427 tenuissimam
988 2366 1143 2428 redactum
1165 2366 1208 2426 ad·

203 2455 281 2515 iecto
305 2456 381 2515 turis
404 2453 513 2532 polline
537 2473 606 2515 cum
629 2457 698 2514 vino
720 2461 820 2515 vetere
844 2462 962 2516 coctum
980 2456 1115 2533 tepidum
1133 2469 1239 2516 vere-rs

203 2550 251 2603 tro
274 2545 438 2622 inpositum
461 2553 491 2604 et
514 2543 688 2623 adopertum
712 2544 854 2604 citissime
877 2545 1007 2623 prodest.

149 2646 185 2695 at
293 2630 395 2692 Verris
426 2631 583 2692 cerebrum
616 2638 736 2692 coctum
768 2640 798 2693 ct
830 2651 898 2694 cum
930 2631 1016 2692 melle
1049 2631 1209 2710 adpositum

150 2735 186 2785 38
205 2718 404 2780 carbunculos
431 2722 461 2780 iu
488 2729 605 2780 veretro
629 2720 791 2780 efficaciter
814 2729 907 2782 sanat.
952 2721 1032 2782 bens
1055 2721 1208 2782 caballinus

205 2815 348 2869 contusus
372 2816 401 2869 et
423 2809 454 2868 in
477 2807 629 2887 pulverem
649 2809 859 2870 tenuissimum
878 2809 1018 2870 redactus
1037 2818 1153 2870 veretro
1170 2811 1208 2868 io·

150 2911 184 2961 ao
205 2912 328 2973 spersus
346 2896 508 2956 efficaciter
526 2896 657 2975 prodest.
691 2897 817 2958 Arietini
835 2897 994 2979 pulmonis,
1013 2897 1085 2958 dum
1103 2900 1135 2958 in
1152 2916 1206 2958 cra-
1217 2913 1238 2952 u

204 2982 295 3044 tioula
318 2993 444 3064 assatur,
466 3002 557 3045 sucus
581 2994 725 3064 exceptus
746 2988 930 3065 myrmecias,
954 2989 1080 3066 quaein
1100 2993 1206 3046 veretro
1279 3024 1280 3047 t

204 3073 287 3133 nasci
311 3071 415 3151 solent,
438 3075 578 3133 unctione
603 3091 657 3133 sua
680 3081 789 3152 purgat
811 3082 841 3134 et
865 3076 996 3136 discutit.
1279 3068 1280 3077 ¹

151 3179 186 3228 40
294 3160 398 3221 Canini
426 3162 531 3238 capitis
557 3163 688 3222 recentis
711 3164 808 3223 exusti
831 3165 909 3223 cinis
931 3165 1043 3224 veretri
1065 3162 1109 3222 vel
1134 3163 1204 3222 testi·

205 3248 340 3310 culorum
368 3247 475 3309 tabidis
509 3256 539 3308 et
568 3249 678 3310 umidis
705 3248 858 3311 ulceribus
886 3254 1041 3330 inspersus
1068 3258 1120 3310 aut
1146 3267 1205 3310 curo

294 3459 327 3505 27
351 3453 446 3508 Venis
470 3454 625 3524 cerebrum]
647 3456 682 3520 cf.
698 3456 774 3510 Plio.
789 3472 816 3510 a.
831 3456 857 3511 a.
872 3461 915 3524 28,
931 3461 992 3510 213.
1088 3461 1122 3510 28
1140 3454 1202 3510 Dens

204 3519 372 3591 caballinus]
391 3525 426 3588 cf.
440 3523 516 3576 Plio.
530 3540 558 3577 n.
572 3525 598 3580 b.
613 3530 657 3592 30,
674 3530 716 3579 72.

81 3704 234 3972 .,
