2609 4017
607 166 825 231 ‚73-

209 331 262 393 das
289 340 319 393 et
347 331 382 392 ad
411 330 567 411 palpebras
590 348 711 409 asperas
735 332 861 409 utimur,
885 328 963 408 quod
987 331 1056 409 quia
1080 348 1117 389 ex
1143 339 1231 409 quat-

209 431 277 482 tuor
305 420 396 482 rebus
424 427 456 481 ut
486 418 626 500 quadriga
655 422 740 499 equis
769 427 885 479 constat
908 425 939 478 et
961 419 1075 479 celeres
1098 420 1229 480 effectus

208 510 311 591 habet,
334 509 437 570 harma
460 508 583 589 dicitur,
607 509 715 587 recipit
738 509 824 568 haec:
847 508 934 568 Aeris
957 510 1018 568 usti
1040 507 1066 584 X
1090 507 1156 587 llll,
1181 515 1228 569 tu·

209 617 277 660 reae
296 598 411 659 arboris
431 599 552 659 corticis
570 595 597 657 X
616 596 679 679 llll,
698 598 873 657 ammoniaci
892 604 993 675 guttae
1012 596 1115 677 Xllll,
1141 615 1226 675 gum-

210 689 265 747 mis
293 687 319 747 X
342 686 409 768 llll;
437 695 577 747 teruntur
603 686 677 747 baec
705 704 741 746 ex
770 703 845 766 aqna
868 685 997 764 pluviali.
1044 684 1108 745 Hoc
1134 688 1250 745 etiams

209 786 424 855 superunctum
448 775 483 836 ad
507 794 671 855 puerorum
695 774 852 854 epiphoras
875 783 906 834 et
924 776 1052 854 quinon
1073 776 1226 835 sullerunt

157 878 206 927 119
214 868 384 927 unctionem
409 868 518 944 optime
544 865 620 925 lacit.
660 863 821 943 Collyrium
845 862 924 942 quod
949 865 1068 943 proprie
1092 864 1165 924 lacit
1189 863 1224 923 ad

208 954 423 1034 aspritudinem
450 953 659 1033 palpebrarum
688 963 718 1014 et
741 952 948 1033 callositatem,
975 959 1095 1032 oportet
1122 962 1223 1013 autem

208 1051 259 1105 aut
274 1042 411 1105 subicere
426 1041 580 1123 specillum
595 1042 754 1121 palpebrae
774 1049 824 1102 aut
842 1044 992 1101 invertere
1012 1044 1106 1121 ipsam
1122 1042 1223 1121 palpe-

208 1133 291 1194 bram
315 1141 346 1194 et
369 1134 411 1194 sio
435 1135 592 1211 iuungere,
623 1133 744 1211 recipit:
781 1130 866 1191 Aeris
890 1132 951 1191 usti
974 1129 1112 1211 XXIIII,
1136 1144 1258 1191 acro-1⁰

207 1225 284 1303 giale
308 1221 403 1302 XVI,
427 1223 508 1282 croci
531 1219 569 1300 X,
588 1237 705 1300 myrrae
729 1219 799 1302 Xl,
828 1220 924 1280 casiae
948 1218 1031 1281 rufae
1055 1219 1224 1281 fistularum

207 1312 354 1372 victoriati
378 1310 508 1390 pondus,
536 1312 649 1389 piperis
673 1308 733 1369 albi
755 1327 844 1388 grana
869 1306 952 1389 XLV,
981 1310 1108 1389 gummis
1132 1309 1222 1369 dena·

206 1402 268 1460 rios
298 1417 411 1460 novem.
457 1398 531 1459 Cum
561 1402 627 1458 vlno
650 1397 724 1458 Cbio
752 1398 825 1459 haec
853 1406 995 1459 teruntur
1020 1407 1050 1459 et
1073 1400 1116 1459 sic
1141 1397 1222 1458 colli-

155 1497 332 1567 120guntur.
369 1487 412 1548 Ad
437 1486 644 1567 palpebrarum
669 1489 858 1548 veterrImam
878 1487 1094 1566 aspritudinem
1118 1494 1150 1548 et
1173 1505 1221 1547 ex-

207 1585 390 1639 crescentem
415 1595 548 1658 carnem,
572 1594 661 1656 quam
684 1578 812 1656 sycosIm
835 1576 941 1637 Graeci
964 1585 1083 1657 vocant,
1105 1578 1137 1637 in
1163 1594 1220 1655 qua
1234 1591 1255 1631 u

207 1676 252 1727 est
275 1666 383 1728 callum
412 1666 619 1748 durissimum,
648 1673 695 1726 est
722 1674 821 1727 autem
849 1664 995 1744 liquidum
1023 1665 1220 1725 medicamen-

207 1766 283 1836 tum,
312 1756 390 1835 quod
415 1757 481 1816 ideo
504 1756 596 1836 hygra
620 1754 799 1835 appellatur,
823 1753 901 1833 quod
926 1756 1015 1816 etiam
1039 1772 1161 1815 carnem
1185 1772 1219 1813 ex

206 1843 356 1923 palpebris
379 1844 455 1905 tollit
479 1846 543 1905 siue
567 1862 673 1923 magno
696 1843 812 1924 dolore,
840 1845 948 1923 reprit
970 1844 1057 1905 hacc:
1093 1842 1220 1922 Myrrae,

205 1934 297 2013 toris,
321 1934 414 2012 croci,
437 1934 536 2011 misni,
561 1932 743 2011 siugularum
763 1934 932 2012 specierum
952 1932 1089 1993 denarios
1107 1940 1221 2012 ternos,
1288 1929 1289 1934 ’

90 2015 93 2019 ’
206 2020 373 2082 chalcitidis
397 2019 486 2081 XVI.
528 2019 607 2081 Haec
631 2029 771 2082 teruntur
795 2020 952 2101 dlligenter
976 2041 1012 2082 ex
1035 2030 1119 2083 aceto
1143 2023 1220 2100 acri,
1233 2034 1255 2073 u

205 2108 258 2170 ubi
290 2108 365 2169 levia
395 2109 471 2170 iacta
507 2119 595 2170 erunt
627 2118 658 2170 et
685 2110 838 2171 habebunt
874 2110 1098 2189 spissitudInem
1131 2111 1220 2190 passI,

205 2201 348 2260 miscetur
377 2198 424 2259 bis
452 2198 547 2259 mellis
575 2200 666 2260 Attici
693 2199 723 2261 P.
747 2200 774 2278 l;
808 2199 915 2261 deinde
947 2201 978 2260 in
1006 2199 1112 2279 patella
1140 2200 1220 2259 aeris

206 2287 307 2367 Cyprii
330 2306 421 2367 snper
445 2286 589 2348 carbones
612 2290 709 2367 posita
731 2290 912 2369 infervesoit,
935 2287 1031 2349 donec
1054 2287 1151 2350 mellis
1169 2287 1219 2347 ba·

208 2376 276 2436 beat
299 2394 358 2437 non
382 2379 506 2437 nlmium
530 2377 634 2457 quuidi
658 2378 897 2460 spissitudinem,
924 2385 1013 2458 atque
1036 2380 1078 2438 ita
1101 2378 1218 2456 reponi·

209 2475 259 2527 tur
281 2467 313 2525 in
336 2465 443 2546 pnyde
468 2469 544 2527 aeris
564 2466 674 2547 Cyprii.
708 2465 783 2527 Cum
806 2485 882 2548 opus
905 2476 960 2549 est,
983 2468 1143 2527 invertitur
1159 2464 1219 2545 pal·
1233 2479 1256 2519 2⁵

207 2554 299 2635 pebra
328 2564 357 2616 et
384 2574 438 2635 per
467 2555 621 2636 specillum
648 2556 815 2636 adponitur.
862 2556 947 2629 Quod
971 2556 1219 2617 medicamentum

208 2644 379 2706 sullricatur
412 2648 530 2705 curiose
562 2648 595 2711 in¹
625 2645 711 2707 oculo
740 2645 775 2706 ad
804 2644 1075 2706 delacrimatIonem
1106 2652 1136 2704 et
1166 2641 1219 2704 ubi
1288 2677 1290 2690 =

208 2734 331 2794 desierit
351 2733 499 2815 mordere,
522 2752 627 2795 rursus
647 2736 755 2795 inverti
774 2734 923 2813 oportebit
941 2734 1111 2813 palpebram
1130 2741 1217 2812 atque

207 2824 247 2882 ita
275 2822 382 2900 pollice
405 2824 540 2902 inpresso
569 2822 756 2883 membranas
783 2826 921 2884 innantes
951 2825 1112 2902 adducere,
1142 2839 1216 2899 quae

204 2908 289 2969 facile
318 2908 552 2991 subsequentum
584 2920 652 2988 post
683 2910 741 2971 boc
774 2914 893 2973 cinereo
927 2912 1048 2992 collyrio
1077 2930 1113 2972 ex
1141 2928 1250 2990 aquato

202 2998 366 3078 inungendi
389 3006 478 3059 erunt
503 2998 580 3059 oculi
604 3002 743 3065 crassius.
787 3000 849 3061 Hoc
870 3002 1118 3062 medicamentum
1141 2998 1214 3060 mul·

204 3096 303 3148 torum
326 3106 471 3148 annorum
495 3086 585 3149 callos
609 3095 639 3149 et
662 3089 863 3167 aspritudines
884 3089 1093 3169 palpebrarum
1112 3088 1212 3168 despe-

202 3184 282 3237 ratas
310 3195 325 3237 a
354 3175 530 3255 quibusdam
559 3177 683 3238 medicis
707 3177 846 3239 oculariis
871 3182 975 3257 paucis
999 3179 1106 3239 diebus
1129 3176 1212 3238 tollit.

150 3264 367 3345 121Collyrium
386 3264 422 3325 ad
441 3264 550 3348 ulcera,
569 3268 693 3346 papulas
712 3276 743 3328 et
760 3267 932 3347 epIpboras:
951 3267 1088 3328 Cadmiae
1102 3265 1128 3326 X
1142 3265 1212 3344 VIII,

273 3475 289 3523 9
308 3468 455 3539 specillum
474 3472 643 3541 Stephanus:
662 3472 803 3543 spicillum
823 3473 982 3529 Coruarr'ue.
1057 3479 1090 3528 19
1108 3472 1209 3541 mysioe

202 3540 362 3597 Corourtua.
435 3542 629 3612 to‘spicillnm
648 3545 807 3599 Oorucriua.
