2609 4017
492 187 731 251 -143-

103 345 311 409 terebiuthina
324 369 451 429 ceraque
461 350 584 410 decocta
598 349 761 428 plurimum
773 358 862 428 atque
872 349 1024 429 emplastri
1035 350 1122 411 modo

101 434 238 515 adposita
263 448 370 500 sanant
392 439 512 500 tosillas.
550 438 583 498 Si
606 437 692 517 adipe
716 437 833 498 leonina
856 438 972 499 tosillae
993 441 1120 500 interius
1142 453 1174 502 16

98 535 326 607 perungantur,
358 528 463 589 eodem
490 527 539 588 die
566 527 759 588 sanabuntur.
804 527 864 588 Lac
892 530 1047 606 caprinum
1075 528 1122 589 rel
1142 542 1174 590 17

98 612 253 675 bubulum
277 617 324 676 rel
346 617 466 677 ovillum
490 634 596 676 recens
618 616 749 677 mulsum
773 616 844 676 dum
867 616 943 677 calet
966 616 1013 676 vel
1033 619 1121 678 etiam

73 702 285 764 scalciactum
304 708 518 784 gargarizatum
536 704 703 766 tosillarum
722 704 839 765 dolores
863 713 893 766 et
911 713 1045 766 tumores
1062 708 1121 766 cito

97 791 192 852 sedat.
231 791 378 872 Plantago
401 794 448 854 vel
470 796 535 854 eius
559 793 642 854 radix
662 793 887 872 diligentissime
907 797 1035 855 contrita
1053 813 1122 856 cum
1143 807 1176 856 18

98 883 229 958 axungia
250 890 354 944 vetere
372 884 500 962 inposita
517 885 549 942 in
567 901 666 960 panno
685 882 731 943 vel
750 883 841 944 linteo
860 883 983 962 prodest
997 885 1122 962 anginae

97 968 144 1028 vel
168 969 295 1032 tosillis.
333 970 511 1050 Cyclaminis
533 989 638 1033 sucum
663 979 693 1032 et
715 971 774 1032 mel
792 971 915 1051 Lycium
934 974 1037 1051 aequis
1055 991 1122 1052 por·
1143 984 1175 1032 te

97 1057 239 1120 tionibus
269 1059 410 1121 miscebis
437 1068 469 1120 et
495 1078 531 1120 eo
558 1062 782 1138 gargarismatio
809 1061 846 1121 ad
870 1061 967 1120 omnia
991 1061 1122 1123 faucium

61 1147 170 1207 rorida
199 1156 345 1228 potenter
373 1151 476 1210 uteris.
522 1147 699 1210 Pulticulam
723 1167 758 1209 ex
782 1148 855 1210 alica
880 1150 984 1230 iacies,
1009 1152 1040 1210 in
1064 1169 1121 1228 qtra
1141 1161 1176 1210 2ο

98 1239 198 1314 capita
223 1255 388 1316 porrorum
410 1250 535 1298 contusa
559 1239 659 1299 mittes
683 1246 713 1298 et
736 1237 825 1299 simul
848 1238 997 1318 decoqucs
1020 1246 1052 1298 et
1072 1239 1122 1299 de-

97 1323 169 1384 inde
189 1325 309 1387 celabis
327 1335 358 1387 et
376 1326 540 1387 sorbitione
559 1345 593 1386 ea
611 1336 716 1388 contra
731 1328 859 1388 lancium
876 1326 1034 1408 molestias,
1053 1345 1122 1388 cum
1151 1313 1155 1325 Κ

97 1413 246 1497 volueris,
276 1418 379 1476 uteris.
425 1416 459 1475 Si
485 1417 553 1494 quis
580 1415 699 1494 grillum
726 1434 815 1476 manu
839 1418 1013 1476 contriverit
1032 1424 1062 1478 et
1085 1416 1120 1476 ad
1140 1426 1174 1474 2ι

99 1502 235 1564 tossillas
260 1504 307 1564 vel
330 1522 398 1565 suas
421 1504 468 1564 rel
490 1504 613 1565 alterius
636 1513 742 1566 tenens
765 1512 812 1566 ter
832 1503 1017 1584 adplicuerit,
1041 1513 1122 1566 tactu

62 1608 87 1649 rs
100 1589 151 1650 illo
181 1601 334 1654 tumorem
362 1592 486 1653 sanabit.
531 1592 666 1654 Tossillis
695 1611 784 1654 renes
811 1593 955 1654 vulturini
984 1593 1059 1653 aridi
1091 1595 1122 1653 in
1142 1603 1175 1652 22

99 1679 190 1740 melle
216 1683 285 1743 triti
307 1681 354 1742 vel
376 1681 490 1742 decocti
514 1683 624 1743 mirum
647 1683 813 1743 remedium
836 1689 998 1762 praestant,
1022 1683 1049 1740 si
1066 1698 1121 1758 pro

101 1768 270 1848 emplastro
292 1771 487 1848 adponantur.

193 1859 293 1938 Cepae
312 1858 417 1937 longae
436 1859 618 1920 conditoriae
637 1877 710 1921 suco
729 1859 844 1920 adiecto
867 1857 954 1919 melle
973 1859 1121 1935 permixto
1140 1868 1175 1917 23

102 1947 252 2009 interiora
275 1947 404 2008 faucium
427 1954 658 2029 pertractantur,
681 1967 741 2027 quo
766 1948 841 2009 lacto
864 1949 969 2025 angina
988 1945 1122 2008 laboran-

66 2042 164 2096 aotem
189 2056 209 2097 a
232 2036 366 2115 periculo
389 2035 544 2116 liberabis,
567 2039 666 2098 resina
690 2056 808 2117 quoque
832 2035 878 2096 rel
901 2037 1015 2116 liquore
1040 2037 1123 2097 cedri
1193 2075 1200 2080 =-

105 2124 225 2186 arboris
248 2127 355 2204 angina
377 2125 501 2186 adsidue
524 2136 666 2206 peruncta
686 2133 815 2187 sanatur.
852 2125 964 2205 Myrtae
983 2125 1121 2186 loliorum
1140 2134 1172 2182 24

104 2230 200 2275 sucus
214 2217 414 2293 gargarizatus
432 2214 479 2275 rel
498 2217 587 2275 etiarn
605 2218 799 2276 transmissus
817 2217 940 2292 anginae
960 2213 1121 2292 plurimum

104 2304 241 2379 prodest.
276 2302 404 2382 lllprram
428 2307 586 2364 contritam
610 2323 646 2364 ex
670 2323 745 2382 aqua
763 2303 863 2383 tepida
881 2311 1053 2363 constanter
1071 2302 1120 2363 ab·
1140 2311 1175 2360 25

106 2392 287 2453 sorbendam
310 2391 378 2452 dato
406 2394 447 2472 ei,
475 2394 528 2471 qui
551 2394 674 2472 anginae
697 2393 831 2471 periculo
862 2390 988 2452 laborat:
1021 2394 1120 2452 statim

70 2494 94 2535 aa
107 2496 176 2540 eum
200 2479 350 2541 liberabis.
386 2479 587 2541 Hirundinum
611 2480 834 2542 combustarum
853 2481 928 2539 cinis
946 2496 1015 2539 cum
1033 2480 1120 2540 melle
1140 2488 1174 2537 26

106 2567 205 2630 Attico
228 2572 339 2630 mixtus
361 2569 557 2648 faucibusque
581 2570 695 2630 inditus
719 2578 749 2629 et
771 2570 909 2646 anginam
930 2569 1073 2644 reprimet
1091 2577 1122 2628 et

106 2656 218 2737 ulcera,
237 2660 264 2717 si
282 2675 340 2736 qua
354 2660 472 2718 arteriis
487 2659 618 2739 inerunt,
633 2665 769 2718 contacta
784 2654 923 2734 purgabit
938 2653 1121 2734 sanabitque.

108 2743 272 2807 Taurinum
296 2745 335 2806 iel
358 2746 445 2806 melle
463 2748 644 2824 permixtum
663 2753 693 2806 et
712 2747 899 2806 extrinsecus
918 2743 1053 2804 faucibus
1073 2743 1120 2803 ad·
1141 2752 1174 2802 2‘1

107 2837 240 2912 positum
258 2834 304 2895 vel
322 2853 376 2914 pro
391 2837 523 2913 unguine
541 2835 697 2896 inductum
712 2837 833 2913 anginas
849 2833 1010 2894 efficaciter
1024 2841 1121 2913 sanat3

72 2923 188 2984 aoidem
216 2931 348 3002 praestat
377 2933 407 2984 et
437 2925 591 3003 caprinum
622 2924 661 2984 lel
694 2923 830 2984 similiter
861 2922 1038 3001 adpositum.
1090 2921 1122 2982 Si
1140 2930 1176 2980 28

109 3011 207 3074 subita
231 3014 338 3090 angina
360 3013 401 3073 ita
426 3012 526 3073 lauces
549 3012 815 3092 praefocabantur,
842 3020 877 3072 ut
902 3011 1016 3072 nullum
1040 3013 1121 3073 auxi·

107 3099 180 3162 lium
204 3100 342 3161 celeriter
369 3102 497 3161 inveniri
524 3104 631 3181 possit,
659 3101 740 3162 ierro
768 3119 856 3181 quam
884 3103 1056 3161 acutissimo
1085 3119 1121 3161 ex

108 3189 224 3271 venula,
248 3208 324 3268 quae
347 3189 521 3268 sublingua
541 3197 587 3250 est
608 3192 640 3250 in
660 3199 743 3269 parte
769 3193 898 3268 sinistra,
922 3207 997 3268 quae
1021 3190 1120 3248 statim

108 3278 144 3338 de
168 3278 226 3338 hoc
248 3278 354 3338 morbo
376 3278 524 3358 pallescit,
548 3281 670 3356 sanguis
693 3281 858 3359 emittatur;
887 3279 1028 3338 continuo
1052 3274 1121 3335 sub·

181 3483 398 3540 tterebentina
453 3490 637 3553 3caprunum
654 3488 712 3540 2m.
769 3482 932 3539 tiomnium.
989 3486 1022 3535 10
1037 3497 1121 3549 quam

110 3555 269 3612 Oornuriua.
308 3561 341 3611 lb
349 3571 430 3610 renes
439 3555 532 3625 vulpis
543 3556 621 3611 Ptin.
661 3562 693 3611 19
703 3553 844 3625 anginam.
881 3551 1120 3609 idherundinum.

1140 3760 1269 3988 Γ
