2609 4017
467 192 705 258 -159-

87 354 164 437 bibe3
192 373 281 416 omne
308 374 401 435 genus
425 358 518 417 tussis
540 355 702 416 efficaciter
725 355 853 417 curabis.
894 355 1029 418 Feniculi
1051 376 1095 418 ra·
1114 367 1147 416 21

86 444 176 505 dicem
200 444 328 505 viridem
351 444 475 506 nitidam
498 447 530 505 in
552 444 612 524 pila
634 445 731 524 lignea
753 444 904 505 contunde
922 455 1012 525 atque
1031 448 1096 508 eins

85 551 186 594 sucum
209 533 333 594 ieiunus
355 551 425 594 cum
447 535 515 593 vino
538 541 639 594 vetere
657 551 714 612 per
731 533 795 595 dies
813 535 973 595 continuos
990 552 1095 595 novem

84 623 113 682 in
134 621 237 682 limine
261 630 346 683 stans
368 621 451 702 bibe,
477 621 656 683 validissime
679 621 835 683 adversum
858 629 972 684 tussem
996 641 1096 702 quam-

60 708 152 770 shbet
173 709 333 771 molestam
357 709 413 770 tibi
434 711 582 791 proderit3
603 710 707 771 itidem
729 711 864 790 proderit
886 719 917 772 et
939 711 1036 790 pulvis
1059 730 1096 772 ex

83 798 181 859 eadem
204 798 310 860 radice
333 801 413 860 sicca
434 800 531 861 lactus
553 799 692 860 similiter
714 806 829 878 epotus
868 799 955 860 Porri
977 802 1095 862 contusi
1114 808 1148 858 tt

83 905 168 948 sucus
197 905 363 966 expressus
390 905 460 949 cnm
487 887 552 948 oleo
580 887 723 949 decoctus
751 895 781 949 et
804 895 911 968 epotus
933 888 1094 968 plurimum

82 978 219 1037 tussienti
241 983 385 1055 praestat.
418 974 570 1037 Verbenae
589 974 699 1037 herbae
718 976 863 1037 arefactae
882 984 987 1038 tunsae
1006 985 1094 1056 atquc
1114 985 1148 1034 ts

82 1064 220 1125 triblatae
235 1065 408 1126 tenuissimi
421 1064 553 1143 pulveris
564 1064 702 1126 cocliaria
713 1067 843 1144 quinque
859 1067 968 1126 maiora
978 1067 1095 1126 maiori-

47 1170 71 1208 ιο
83 1151 144 1234 bus,
157 1153 331 1214 minoribus
343 1172 398 1233 pro
412 1161 508 1214 aetate
518 1155 643 1233 minora,
658 1154 710 1214 sed
724 1156 850 1215 sinceris
864 1172 901 1214 ex
911 1155 971 1214 vini
980 1155 1097 1215 Aminei

81 1244 188 1302 veteris
202 1242 322 1322 cyathis
335 1241 459 1303 totidem
469 1260 523 1321 per
537 1242 602 1302 dies
611 1244 744 1321 quinque
758 1243 886 1321 potanda
899 1242 992 1324 dabis,
1007 1242 1095 1303 lebri-

82 1330 242 1391 citantibus
267 1349 306 1390 ex
329 1349 403 1410 aqna
427 1331 493 1391 dari
515 1329 674 1412 oportebit,
695 1333 771 1393 mire
792 1330 990 1393 tussientibus
1007 1331 1095 1410 prod·

82 1421 144 1479 erit.
186 1417 298 1480 Scillae
322 1421 475 1480 interioris
497 1418 644 1482 medullae
668 1429 787 1481 tenerae
816 1421 961 1481 contritae
989 1438 1094 1482 sucum
1114 1427 1149 1476 24

83 1525 147 1567 cum
174 1507 277 1568 mellis
304 1510 370 1587 pari
396 1525 536 1569 mensura
563 1509 697 1588 decoque
725 1516 756 1569 et
779 1509 847 1569 inde
871 1509 987 1569 etiamsi
1011 1511 1095 1568 mini-

48 1611 71 1650 15
83 1613 174 1677 mum,
198 1604 349 1676 quantum
376 1615 511 1658 summus
538 1596 649 1676 digitus
677 1599 812 1675 recipere
841 1598 949 1677 possit,
976 1598 1095 1657 ieiunus

83 1683 201 1745 cottidie
225 1703 315 1746 mane
337 1688 512 1764 gustaveris,
535 1688 628 1746 tussis
650 1685 785 1746 molestia
808 1687 884 1745 mire
907 1683 1031 1746 carebis.

167 1773 277 1835 Tussis
300 1773 435 1835 molestia
458 1776 517 1835 cito
536 1773 711 1853 liberabere,
735 1775 760 1833 si
779 1773 983 1833 observaveris
1002 1791 1095 1834 reme·
1115 1779 1148 1830 tt

84 1859 162 1921 dium
185 1863 260 1923 tale:
284 1861 401 1940 Piperis
423 1862 483 1922 albi
501 1881 592 1940 grana
610 1860 661 1943 ΠΙ,
682 1861 823 1922 bacarum
847 1862 923 1922 lauri
947 1879 1037 1940 grana
1056 1860 1096 1923 lll

84 1949 113 2008 in
134 1969 230 2012 unum
254 1951 407 2012 contunde
435 1958 465 2010 et
487 1950 611 2011 adiectis
634 1969 729 2030 aquae
753 1949 863 2012 calidae
887 1950 1000 2030 cyathis
1023 1951 1095 2012 duo·

49 2053 72 2092 so
85 2035 137 2098 bus
159 2041 284 2100 ieiunus
306 2038 384 2120 bibe,
407 2038 515 2101 deinde
538 2041 651 2118 piperis
671 2057 763 2118 grana
781 2038 805 2098 V
824 2048 854 2100 et
872 2039 948 2100 lauri
966 2039 1054 2100 bacas
1072 2038 1096 2098 V

85 2143 118 2184 ex
139 2145 234 2207 aquae
260 2135 294 2188 ut
317 2146 407 2206 supra
426 2127 540 2208 cyathis
559 2128 676 2189 duobus
699 2127 777 2208 bibe,
800 2128 907 2188 deinde
926 2127 977 2188 ΥΠ
997 2137 1026 2189 et
1044 2126 1095 2189 ΥΠ

84 2231 117 2273 en
139 2234 236 2295 aquae
260 2215 390 2297 duobus,
413 2217 520 2277 deinde
544 2214 622 2277 Vllll
647 2225 678 2278 et
699 2215 778 2277 ΥΠΠ
803 2236 838 2277 ex
861 2235 954 2296 aquae
978 2217 1095 2278 duobus

85 2305 164 2364 etsi
189 2315 253 2366 tam
281 2303 406 2366 molesta
433 2308 525 2366 tussis
555 2305 659 2385 iuverit,
689 2314 723 2367 ut
752 2324 812 2366 non
841 2309 940 2366 statim
971 2306 1095 2385 desinat,

85 2391 190 2453 iterum
219 2393 420 2454 deminuendo
448 2393 586 2455 similiter
612 2394 718 2474 lacios,
745 2402 778 2454 ut
801 2393 880 2453 ΥΠΠ
907 2402 937 2454 et
964 2393 1042 2454 Vllll
1065 2402 1096 2454 ct

51 2478 188 2542 tadeinde
212 2481 266 2542 ΥΠ
289 2489 320 2542 et
341 2480 406 2563 vll,
428 2480 452 2540 V
475 2489 506 2542 et
528 2481 561 2563 V,
583 2481 624 2543 lll
647 2490 678 2542 et
701 2481 741 2542 lll
769 2500 837 2542 cum
867 2500 960 2561 aquae
984 2481 1094 2542 calidae

86 2565 158 2629 binis
177 2570 294 2650 cyathis
312 2569 404 2632 bibas.
439 2569 582 2649 Cupressi
603 2570 695 2631 bacae
714 2587 839 2630 numero
858 2571 988 2648 impares
1007 2587 1095 2649 quam
1114 2576 1148 2625 to

85 2658 283 2720 minutissime
311 2661 399 2719 tritae
426 2666 457 2718 et
484 2677 521 2719 ex
548 2661 617 2719 rino
645 2666 746 2718 vetare
775 2658 875 2717 ieiuno
903 2659 989 2736 potui
1011 2657 1095 2718 datae

86 2750 195 2807 tussem
218 2749 425 2825 potentissime
445 2746 575 2828 leniunt3
599 2746 734 2808 eiusdem
756 2754 859 2806 tenera
881 2745 1096 2808 cauliculorum

86 2848 101 2890 a
121 2836 222 2896 ieiuno
246 2834 498 2915 commanducata,
521 2838 562 2896 ita
585 2846 619 2897 ut
641 2854 733 2896 sucus
752 2834 1002 2916 transglnttiatur,
1020 2837 1094 2896 mire

52 2933 75 2974 ω
88 2932 188 2985 sanant
216 2925 407 3002 tussientem,
435 2925 462 2983 si
488 2923 517 2984 id
542 2924 666 2986 adiectis
694 2942 812 3004 semper
836 2926 944 3004 impari
969 2943 1095 2986 numero

87 3010 238 3073 cauliculis
260 3030 315 3092 per
338 3012 471 3073 triduum
494 3013 552 3073 hat.
596 3013 725 3094 hlyrrae‚
749 3015 889 3094 storacis,
917 3016 990 3093 opii,
1014 3015 1095 3076 croci
1114 3018 1147 3067 2⁷

86 3115 169 3174 pares
193 3119 349 3162 mensuras
373 3103 520 3162 conterite
541 3101 627 3162 etde
646 3104 785 3163 contritis
804 3121 837 3164 ac
855 3105 1011 3182 permixtis
1030 3121 1095 3182 spe-

87 3187 187 3249 ciebus
215 3189 351 3268 globulos
379 3209 416 3251 ex
443 3208 519 3269 aqua
548 3190 692 3252 cicerculi
718 3192 921 3270 magnitudine
949 3192 1037 3251 lacito
1061 3208 1096 3251 ac

157 3348 170 3397 1
189 3341 323 3398 leunculi.
411 3349 428 3396 4
445 3341 624 3398 valedissime
642 3344 784 3413 (saepius).
874 3347 890 3395 8
909 3339 1095 3396 tussientibus

88 3407 245 3467 Omoemus.
344 3416 501 3482 praestator
519 3415 587 3484 (sic).
694 3420 726 3469 10
746 3411 861 3467 sinceris
884 3415 924 3466 sic
941 3414 1014 3479 cod,
1037 3429 1095 3466 ooo

89 3480 185 3537 sinceri
202 3490 235 3539 stt
253 3484 413 3540 (lotharius.
499 3484 630 3540 aminnei.
714 3489 746 3540 17
764 3481 933 3539 molestiam.
1013 3488 1047 3537 25
1066 3484 1096 3538 et

89 3565 155 3609 cnm.
227 3561 262 3611 26
280 3555 489 3610 minutissimae.
562 3562 596 3610 31
615 3555 761 3610 storachis.
783 3609 785 3613 .
