2609 4017
576 160 790 225 ..22-

173 343 242 385 cum
257 324 405 385 desiderio
420 326 559 404 recentia,
575 342 633 403 quo
647 323 845 402 cruciabatur,
859 331 955 384 totum
970 322 1050 402 quod
1064 325 1093 383 ei
1107 322 1192 383 obla·

173 414 264 475 latum
288 411 563 493 fueratebibisset,
592 420 730 473 auctores
755 412 919 473 medicinae
942 414 1053 493 magni,
1081 414 1133 492 qui
1158 411 1190 471 id

174 502 359 583 spectabant,
390 500 640 562 exclamaverunt:
678 500 821 561 Occidisti
852 499 1011 560 homiuem.
1052 499 1190 561 Necdum

172 610 229 652 vox
260 608 364 651 eorum
392 589 429 651 ab
457 608 508 649 ore
541 597 728 669 manaverat,
761 608 778 649 e
812 592 936 668 vestigio
968 607 1036 649 eum
1064 607 1191 649 somnus

174 681 329 758 occupavit
348 678 498 757 sudorque
516 678 655 758 perfudit,
688 677 802 749 Quibus
819 696 876 757 ego
889 677 1106 757 praesentibus,
1127 677 1223 738 cle-s

172 770 357 829 mentissime
384 770 560 848 imperator,
590 769 681 827 tantis
712 767 831 827 sudoris
859 768 924 828 eius
951 765 1191 831 abstersionibus

173 855 313 937 laboravi,
337 864 378 935 ut,
403 860 429 917 si
448 856 508 917 dici
526 857 570 917 fas
590 858 637 935 sit,
656 855 741 917 Nilus
759 875 795 934 ex
814 858 879 917 eius
893 874 1019 935 corpore
1033 855 1191 916 videretur

138 944 305 1007 4ellluere.
347 944 457 1007 Verum
486 963 553 1006 cum
582 963 671 1023 aeger
703 945 930 1024 expergefactus
958 953 1126 1005 recreatum
1155 962 1191 1005 se

174 1036 313 1096 extinctis
336 1034 472 1095 febribus
495 1043 525 1095 et
543 1033 579 1094 ab
599 1034 770 1094 infirmitate
790 1033 931 1095 leviorem
949 1051 1015 1094 esse
1034 1034 1191 1114 sensisset,

173 1126 286 1185 ventris
309 1126 397 1184 etiam
421 1124 520 1203 coepit
543 1123 692 1183 desiderio
715 1121 908 1183 vehementer
929 1124 1040 1201 urgeri.
1081 1120 1192 1183 Adlato
1204 1138 1232 1176 ro

172 1214 273 1291 itaque
297 1210 416 1273 vasculo
439 1230 527 1272 omne
550 1210 607 1271 alvi
630 1230 719 1291 onus,
743 1229 803 1290 quo
825 1210 1015 1293 gravabatur,
1039 1213 1189 1291 exposuit,

173 1300 209 1361 ad
237 1309 296 1361 tam
321 1300 419 1361 dirum
446 1301 585 1381 fetorem,
615 1309 648 1360 ut
677 1318 779 1360 omues
803 1301 856 1378 qui
877 1299 938 1361 illic
960 1300 1083 1361 aderant
1104 1300 1190 1378 fuga-

172 1397 287 1471 rentur,
307 1389 476 1451 dicentibus
495 1390 624 1468 egregiis
642 1388 776 1469 medicis,
797 1388 876 1467 quod
895 1391 993 1450 omnia
1012 1390 1076 1449 eius
1095 1390 1189 1449 inter·

173 1496 246 1539 anea
269 1480 465 1557 putruissent.
504 1478 575 1538 Post
598 1477 671 1537 baec
695 1496 711 1537 a
734 1495 782 1538 me
806 1495 895 1556 aeger
918 1478 955 1538 ad
977 1476 1097 1537 balneas
1119 1480 1190 1538 mit·

173 1568 260 1648 titur,
289 1574 323 1628 ut
355 1566 469 1629 lavaero
499 1569 564 1628 eius
593 1568 712 1627 siccitas
735 1567 894 1645 umigetur.
942 1565 1000 1636 Qui
1022 1575 1189 1645 perunctus
1203 1581 1230 1621 1⁵

173 1659 334 1736 unguentis
361 1655 617 1736 remediabilibus,
646 1674 716 1716 cum
746 1663 815 1735 post
845 1654 984 1716 balneum
1011 1657 1189 1715 vestimenta

173 1748 351 1826 accepisset,
380 1748 464 1807 sitire
490 1765 522 1807 se
552 1745 639 1826 dixit3
668 1746 768 1805 statim
791 1762 860 1804 eum
883 1743 1045 1824 absinthio,
1072 1745 1103 1803 in
1127 1762 1188 1823 quo

173 1833 343 1914 libysticum
370 1835 468 1895 fuerat
495 1834 665 1915 decoctum,
692 1851 885 1913 progressum
911 1852 928 1893 a
951 1831 1056 1893 balaeo
1078 1835 1188 1913 potavi,

172 1940 211 1983 ne
230 1923 301 2001 quid
320 1924 500 1983 causationis
519 1925 549 1982 iu
569 1920 748 2000 corpusculo
766 1922 832 1982 eius
850 1930 993 2003 maneret,
1011 1940 1071 2002 qaro
1088 1924 1188 1982 vesica

174 2010 300 2091 scybalis
328 2009 375 2071 vel
403 2010 550 2092 lapidibus
578 2028 632 2089 per
659 2012 756 2070 vicina
782 2009 846 2071 loca
877 2010 1044 2073 meantibus
1071 2028 1187 2090 preme·
1201 2024 1228 2065 ao

139 2108 267 2162 oretur.
304 2100 446 2179 Praecepi
469 2100 558 2161 etiam
581 2101 609 2159 ei
632 2117 731 2159 escam
753 2100 820 2159 fieri
842 2100 880 2160 de
903 2098 1095 2160 minutalibus
1118 2118 1188 2178 por-

174 2191 259 2270 cinis,
282 2190 311 2250 id
337 2196 383 2249 est
400 2188 563 2269 podoeyliis
583 2195 613 2249 et
631 2186 811 2269 ventriculo,
834 2190 865 2248 in
884 2207 974 2266 quem
989 2188 1187 2250 ventriculum

173 2288 290 2339 acetum
318 2279 499 2357 cyminatum
525 2277 643 2337 modico
674 2271 789 2338 adiecto
817 2276 911 2338 lasere
939 2278 1018 2337 mitti
1042 2277 1186 2357 mandavi,

173 2375 207 2428 ut
230 2369 350 2427 omniuo
374 2375 495 2428 excocta
518 2384 587 2426 caro
606 2367 696 2427 etiam
714 2384 852 2427 ossorum
871 2365 1012 2426 duritiam
1029 2365 1186 2445 emolliret,

172 2464 207 2516 ut
226 2454 323 2516 soluta
342 2474 447 2516 corum
465 2454 593 2515 medulla
612 2472 680 2515 cum
700 2456 765 2514 iure
783 2456 849 2534 ipso
868 2453 1088 2515 absorberetur.
1120 2454 1185 2515 Non
1199 2467 1225 2509 ²⁵

173 2544 297 2605 dubium
321 2551 368 2605 est
388 2553 496 2625 autern,
515 2545 625 2623 optime
645 2545 815 2621 imperator,
836 2543 916 2622 quod
934 2562 970 2604 ex
988 2543 1185 2622 indigestione

173 2641 366 2695 externarum
393 2634 699 2711 crudissimarumque
729 2630 919 2712 crapularum
950 2631 997 2695 vel
1029 2632 1186 2711 superfusa

173 2723 283 2783 diversi
305 2724 458 2783 nimietate
483 2724 544 2783 viui
567 2721 690 2800 repletis
713 2728 744 2782 et
769 2739 863 2801 paene
891 2720 1077 2782 tumentibus
1103 2722 1185 2781 venis

172 2821 261 2890 potus
293 2813 325 2871 in
359 2809 524 2871 visceribus
553 2816 754 2890 amarescunt,
786 2809 921 2870 aufertur
949 2828 1085 2890 somnus,
1117 2808 1185 2870 sub·

172 2901 309 2978 sequitur
328 2898 410 2959 calor
428 2907 516 2977 atque
535 2898 718 2958 occultarum
738 2896 866 2958 febrium
885 2900 979 2977 pestis
997 2905 1028 2958 et
1042 2899 1184 2977 quaedam
1197 2910 1224 2951 ³0

172 2988 299 3048 frenesis
317 2986 408 3065 pulsu
427 2986 584 3047 cerebrum
603 2987 758 3067 inquietat,
777 2996 881 3049 venter
897 2986 1038 3066 durescit,
1058 2989 1110 3065 qui
1127 2989 1184 3047 iam

172 3076 284 3137 dudum
315 3075 427 3137 crudus
454 3074 587 3155 repletus
616 3075 726 3156 fuerat,
757 3075 991 3138 exuberantibus
1018 3074 1107 3156 cibis,
1134 3078 1185 3154 qui

172 3164 244 3225 dum
273 3173 494 3245 excoquuntur,
522 3166 707 3243 consumptis
738 3183 813 3243 quae
840 3165 941 3225 umida
967 3172 1050 3238 suut,
1073 3163 1185 3225 inflam-

246 3322 260 3369 1
279 3316 348 3389 quo]
367 3334 431 3386 qua.
497 3324 513 3373 5
531 3316 731 3388 perfodiam.
797 3324 829 3373 13
848 3316 977 3373 intercus
994 3322 1043 3372 1m
1060 3334 1076 3371 e
1095 3318 1185 3373 littera

173 3390 366 3457 ottpuacripto.
441 3393 474 3443 15
493 3388 650 3459 perductus.
720 3393 753 3443 18
772 3388 910 3444 libestico.
978 3388 1184 3443 reverientes

173 3458 277 3513 visaioe
294 3464 355 3515 2m.
450 3466 483 3514 21
503 3460 542 3531 ei]
562 3462 598 3515 et.
700 3466 733 3514 22
752 3459 898 3530 podocylie
988 3460 1083 3529 quem]
1103 3459 1182 3529 quod.

174 3534 208 3583 24
228 3546 352 3586 oscorum
372 3532 441 3603 (sic).
506 3532 656 3587 emolisset.
718 3536 752 3586 28
770 3547 850 3601 pene.
910 3536 944 3585 33
963 3533 1183 3598 exquoqnnntur.
1293 3563 1295 3570 =

13 3710 15 3719 ,
92 3659 189 3695 ⁴
