2609 4017
486 174 726 239 —285-

90 355 161 398 rum
190 334 305 397 vitellos
329 344 390 397 tres
414 338 444 396 in
468 354 560 397 unum
584 336 779 416 permiscehis
802 336 950 417 simulque
974 336 1108 397 tamdiu

91 434 190 505 teres,
219 424 313 486 donec
340 424 376 485 ad
406 425 633 487 crassitudinem
662 426 758 486 mellis
781 425 924 507 adducas;
947 424 1054 486 deinde
1076 427 1108 485 in

89 512 232 593 pyxidem
262 513 373 574 condes
401 522 490 592 atque
518 532 554 574 ex
583 532 630 595 ea,
663 511 732 577 eum
759 533 835 594 opus
862 515 968 594 luerit,
997 512 1108 594 cyliaoo

92 604 183 664 nucis
211 601 358 663 avellanae
387 603 590 681 magnitudine
619 622 656 664 ex
683 606 764 684 vino,
791 606 818 664 si
845 606 910 665 sine
936 602 1019 664 febre
1042 603 1110 682 erit,

57 694 120 755 ssi
151 689 346 772 febricitabit‚
379 710 414 751 er
442 710 517 771 aqna
546 691 639 753 calida
672 691 769 773 dabis3
801 695 877 754 mire
909 692 1108 770 celeriterque

91 779 263 841 subvenies.

185 867 246 930 Ova
270 868 478 947 decoquuntur
501 887 538 929 ex
561 877 654 949 aceto,
678 869 772 931 donec
796 869 997 950 indurescant,
1020 876 1051 929 et
1067 870 1109 929 vi·
1130 879 1162 928 vr

92 955 158 1017 telli
187 974 291 1018 eorum
319 960 421 1018 tostati
450 976 518 1018 eum
548 960 652 1038 pipere
677 960 742 1019 esui
765 958 876 1038 cyliaco
900 958 1022 1040 dantur,
1049 959 1110 1019 cito

91 1046 263 1107 medentur.
305 1046 415 1107 Caseus
444 1045 550 1107 ovillus
580 1055 717 1123 vetustus
744 1049 775 1108 in
803 1046 871 1107 cibo
898 1054 1036 1125 sumptus
1063 1044 1111 1105 vel
1130 1056 1163 1106 78

46 1159 77 1197 ro
93 1151 184 1195 rasus
212 1144 242 1195 et
270 1152 338 1195 cum
366 1138 434 1195 vino
463 1143 551 1213 potus
575 1135 686 1215 cyliaco
708 1136 854 1198 medetur.
896 1135 1018 1197 Coeleae
1042 1152 1110 1195 cum
1130 1145 1163 1194 ‘19

91 1225 184 1284 testis
208 1224 270 1283 suis
292 1227 436 1284 contritae
461 1224 535 1285 duae
555 1231 585 1284 et
603 1243 657 1285 ova
676 1224 768 1285 cruda
787 1225 846 1286 duo
866 1232 896 1286 et
914 1226 995 1305 passi
1013 1222 1112 1303 cyathi

92 1312 167 1393 duo,
185 1329 278 1391 aquae
298 1312 396 1391 cyathi
413 1319 485 1395 tres,
504 1312 592 1373 simul
610 1315 756 1391 permixta
775 1315 873 1375 omnia
891 1332 926 1375 ac
945 1314 996 1374 diu
1015 1313 1111 1391 coagi-

93 1410 158 1461 tata
182 1408 211 1460 et
235 1404 267 1461 in
289 1418 358 1461 vaso
381 1400 466 1462 fictili
489 1400 628 1463 calefacta
651 1402 687 1462 ad
710 1402 832 1463 modum
852 1404 982 1482 potionis
1001 1400 1111 1481 cyliaeo

94 1489 166 1549 data
188 1488 356 1550 medentur.
391 1489 545 1569 Serpentis
569 1493 691 1551 exuviae
710 1509 778 1551 cum
798 1509 920 1552 rosaceo
939 1491 1110 1568 decoquun-
1130 1500 1164 1548 8ο

51 1599 80 1641 15
94 1585 149 1638 tur
171 1580 202 1637 in
225 1595 295 1637 vaso
319 1586 441 1657 stagneo
465 1587 495 1639 et
517 1587 620 1658 postea
643 1581 731 1640 tritae
755 1581 851 1640 ventri
874 1580 979 1659 cyliaci
996 1576 1111 1638 utiliter

95 1666 273 1727 inlinuntur.

188 1754 232 1815 ad
256 1773 359 1815 omnes
382 1757 510 1835 epiloras
534 1757 646 1816 ventris
671 1773 791 1816 caseum
813 1757 968 1816 vaccinum
992 1752 1112 1814 mollem
1132 1765 1162 1813 81

97 1843 228 1904 calidum
251 1846 354 1923 inponi
376 1852 502 1925 oportet,
526 1863 585 1923 quo
608 1852 743 1923 tempore
767 1844 956 1924 dysintericis
976 1844 1113 1921 potiones

97 1932 180 1993 lerro
204 1933 344 1993 candenti
367 1934 522 1995 calefactas
545 1933 610 1994 dari
628 1935 774 1994 convenit.
811 1931 884 1993 Glus
902 1934 1019 1993 taurina
1038 1949 1114 2010 aqua
1132 1941 1166 1991 88

54 2044 83 2083 eo
99 2020 197 2083 calida
224 2021 355 2082 resoluta
382 2021 486 2101 cyliaci
509 2024 621 2083 ventris
644 2021 792 2083 inflationi
814 2021 928 2083 utiliter
950 2023 1113 2100 inponitur.

189 2108 400 2171 Gravissimum
423 2113 536 2171 ventris
559 2112 664 2172 vitium
687 2119 734 2171 est
760 2110 848 2193 ileos,
876 2112 926 2171 cui
953 2112 1113 2171 maximum
1133 2119 1167 2168 83

97 2197 266 2259 remedium
285 2207 331 2259 est
350 2199 493 2278 discerpti
511 2200 730 2278 vespertilionis
747 2201 868 2279 sanguis
887 2199 989 2261 inlitus
1008 2200 1114 2259 ventri.

189 2286 442 2365 Frequentissime
471 2290 582 2368 evenit,
609 2296 644 2350 ut
670 2307 706 2348 er
729 2288 861 2367 qualibet
884 2306 973 2349 causa
997 2286 1114 2347 subitus
1133 2297 1169 2347 84

97 2374 185 2436 dolor
208 2378 321 2436 ventris
341 2379 476 2458 exsistat3
501 2376 553 2437 sed
572 2379 623 2456 qrri
643 2376 733 2437 talum
752 2376 864 2455 leporis
882 2395 986 2437 secum
1003 2374 1114 2436 habue-

56 2485 83 2525 25
97 2466 148 2545 rit,
167 2464 339 2525 huiusmodi
357 2484 468 2546 casum,
486 2466 517 2525 id
535 2473 581 2525 est
595 2463 728 2525 subitum
742 2464 874 2525 dolorem
889 2465 1012 2544 ventris,
1030 2481 1115 2523 num-

97 2570 190 2632 quam
213 2554 355 2615 incurret.
396 2553 590 2633 Dysinterieis
613 2552 750 2613 medetur
772 2570 857 2632 aqua,
880 2554 912 2611 in
931 2569 989 2629 qua
1007 2550 1116 2629 pilulae
1134 2560 1168 2609 85

98 2642 238 2720 cupressi
260 2641 399 2703 decoctae
422 2643 543 2722 luerint,
567 2659 635 2702 cum
659 2642 727 2700 vino
750 2647 869 2701 austero
889 2647 984 2718 epota.
1023 2639 1116 2718 Aqua,
1135 2649 1169 2697 88

97 2732 132 2790 in
156 2748 215 2808 qua
237 2729 315 2791 lauri
336 2730 405 2791 folia
427 2731 540 2791 luerint
563 2730 695 2810 decocta,
717 2731 802 2808 potui
825 2735 943 2807 sumpta
961 2729 1115 2788 intestino-

98 2836 169 2879 rum
193 2817 345 2879 doloribus
368 2818 513 2879 medetur.

59 2928 85 2967 ao
192 2906 236 2967 Ad
263 2907 442 2985 profluvium
469 2915 499 2967 et
526 2908 774 2967 incontinentiam
805 2906 918 2968 ventris
950 2904 1117 2965 remedium
1135 2914 1169 2963 87

101 2997 160 3057 sic:
184 2994 276 3055 Malva
300 2996 494 3057 circumfossa
516 2997 606 3074 ferro,
631 2995 710 3074 quod
734 3012 769 3054 ex
793 3002 919 3074 utraque
942 3002 1027 3073 parte
1049 3012 1116 3055 aeu-

100 3092 165 3145 tam
187 3086 282 3143 aciem
303 3083 424 3167 habeat,
451 3094 481 3145 et
508 3086 642 3164 praecisa
668 3102 684 3144 a
708 3086 862 3162 superiore
886 3083 922 3143 ad
944 3084 1118 3143 inferiorem

102 3179 233 3252 partem,
261 3172 291 3233 id
320 3181 366 3233 est
393 3191 489 3252 usque
518 3173 554 3233 ad
582 3172 726 3253 radicem,
749 3173 856 3234 deinde
879 3172 962 3231 radix
987 3173 1051 3231 eius
1074 3172 1118 3230 in-

196 3331 211 3379 1
230 3325 350 3381 vitellus.
405 3324 588 3395 permiscebis
607 3324 777 3394 Stephanos:
795 3321 955 3393 permisces.
1011 3328 1027 3376 3
1046 3321 1118 3392 pixi-

105 3397 179 3451 dem.
280 3395 471 3451 tabellenae.
571 3396 676 3451 8iosti
696 3396 856 3450 Oorccvioe.
947 3395 1117 3462 9sumptos.

106 3473 141 3523 20
159 3464 298 3523 inflationi
316 3468 429 3537 scripsi:
447 3465 600 3523 inflatione.
665 3472 699 3519 23
718 3464 834 3519 subitos.
897 3468 932 3519 26
951 3463 1120 3534 dysintheri-

107 3538 156 3593 eie.
229 3544 263 3593 27
283 3539 379 3609 epota]
398 3540 441 3593 est
458 3538 535 3609 pota.
608 3542 642 3593 32
661 3537 825 3606 praecisam.

1157 3742 1254 3977 Γ
