2609 4017
507 208 725 273 -15-

213 404 405 467 Cornelius
430 405 556 467 Celsus
580 406 613 467 G.
636 406 728 468 lulio
753 406 902 469 Callisto
928 407 956 469 S.
980 408 1012 472 D.

195 547 277 609 Inter
300 550 444 609 maximos
468 548 616 628 quondam
640 548 760 610 babitus
780 549 913 611 medicos
931 550 1154 633 Heropbilus,1

102 636 137 697 G.
158 636 216 697 luli
235 636 362 718 Calliste,
382 638 479 697 fertur
497 638 607 698 dixisse
626 638 840 700 medicamenta
864 639 987 701 deorum
1010 642 1120 700 inmor-

101 724 210 786 talium
232 744 338 786 manus
362 744 437 807 esse,
461 744 521 786 non
545 728 608 787 sine
632 729 756 807 ratione,
781 735 814 788 ut
837 746 902 789 mea
926 730 985 789 lert
1006 730 1121 809 opinio,

102 832 231 893 prorsus
255 817 335 875 enim
359 815 437 894 quod
462 822 559 878 tactus
584 814 702 876 divinus
721 816 840 877 efficere
859 826 966 899 potest,
990 818 1020 878 id
1039 835 1121 896 prae·

72 910 186 964 estant
209 904 424 965 medicamenta
447 922 521 965 usus
547 906 731 983 experientia
754 905 943 984 conprobata.
983 907 1121 967 Animad-

102 994 250 1053 vertimus
273 994 373 1072 itaque
397 1010 485 1071 saepe
509 995 588 1053 inter
606 991 836 1055 deliberationes
855 997 1120 1075 contentionesque

102 1081 291 1141 medicorum
306 1084 481 1143 auctoritate
496 1082 748 1163 praecedentium,
766 1083 838 1144 dum
853 1086 1017 1166 quaeritur,
1036 1084 1119 1164 quid·

103 1188 175 1230 nam
202 1170 371 1230 faciendum
399 1178 451 1230 aut
479 1189 536 1249 qua
562 1173 676 1231 ratione
700 1172 936 1233 succurrendum
961 1175 1000 1234 sit
1022 1191 1120 1254 aegro,

103 1257 251 1337 quosdam
274 1258 403 1319 humiles
426 1260 546 1338 quidem
570 1268 600 1319 et
623 1258 734 1338 alioqui
756 1263 887 1342 ignotos,
915 1280 1019 1323 revera
1041 1263 1120 1340 peri·

60 1366 87 1406 ιο
102 1349 199 1407 tiores
222 1347 277 1427 vel,
301 1347 379 1426 quod
403 1348 491 1408 fateri
513 1348 614 1427 pudet,
638 1347 725 1427 longe
744 1357 909 1411 summotos
928 1368 944 1410 a
964 1349 1120 1430 disciplina

102 1436 271 1497 medicinae
299 1444 329 1496 ct
356 1454 393 1496 ne
417 1437 528 1497 adfines
553 1437 673 1517 quidem
699 1440 764 1498 eius
791 1439 971 1517 professioni
994 1439 1120 1499 medica·

102 1532 206 1585 mento
231 1524 345 1585 efficaci
368 1525 435 1585 dato
459 1528 596 1603 protinus
619 1526 701 1587 velut
723 1529 875 1605 praesenti
897 1530 1019 1588 numine
1038 1529 1120 1588 omni

102 1614 206 1674 dolore
223 1612 416 1693 periculoque
435 1613 577 1675 liberasse
596 1633 709 1693 aegros.
744 1614 944 1685 Quamobrem
958 1616 1120 1694 spernendi
1138 1628 1154 1676 2

102 1710 175 1763 sunt
198 1702 328 1782 quidem,
351 1704 404 1781 qui
426 1702 603 1763 medicinam
628 1703 755 1783 spoliare
778 1711 925 1783 temptant
947 1721 1004 1764 usu
1028 1704 1119 1764 medi-

60 1810 88 1852 1a
103 1799 319 1870 camentorum,
343 1791 442 1851 lorsan
465 1810 525 1851 non
549 1810 565 1851 a
589 1790 743 1870 medendo,
767 1792 820 1853 sed
843 1811 860 1852 a
882 1794 1015 1871 potentia
1034 1792 1119 1852 effec-

102 1888 197 1960 tuque
230 1879 514 1941 medicamentorum
546 1882 587 1940 ita
620 1879 809 1960 appellatam,
841 1881 989 1960 probandi
1019 1889 1120 1942 autem

103 1977 188 2050 sunt,
217 1970 270 2049 qui
297 1970 378 2029 omni
405 1969 493 2029 modo
522 1987 702 2030 succurrere
726 1969 966 2049 periclitantibus
989 1971 1118 2032 student.

102 2057 166 2137 Ego
195 2065 277 2119 certe
305 2057 481 2136 aliquotiens
508 2075 649 2136 maguum
678 2060 819 2119 scientiae
848 2068 1028 2121 consecutus
1052 2077 1117 2121 sum

102 2146 226 2208 titulum
245 2164 280 2207 ex
300 2164 356 2208 usu
375 2164 518 2227 prospere
538 2147 676 2208 datorum
695 2148 978 2210 medicamentorum
996 2148 1118 2210 multos·

61 2254 88 2294 ro
104 2254 162 2316 qne
178 2254 213 2296 ex
229 2235 331 2295 cadem
346 2253 435 2296 cansa
449 2254 508 2297 non
524 2237 703 2298 mediocrem
723 2236 845 2315 gloriam
865 2237 969 2299 tulisse
988 2239 1117 2298 memini.

102 2324 158 2385 Est
177 2326 256 2385 enim
275 2324 348 2385 haec
364 2343 434 2404 pars
448 2326 611 2386 medicinae
631 2324 678 2386 vel
696 2328 823 2386 maxime
841 2329 1017 2406 necessaria,
1037 2334 1118 2388 certe

103 2415 318 2493 antiquissima,
342 2421 372 2474 et
395 2413 432 2474 ob
451 2413 508 2474 boc
527 2415 657 2493 primum
677 2414 825 2475 celebrata
846 2423 934 2494 atque
952 2414 1118 2495 inlustrata,

103 2502 253 2582 siquidem
280 2520 383 2563 verum
412 2510 458 2563 est
485 2505 623 2582 antiquos
651 2502 754 2564 herbis
782 2522 815 2564 ac
841 2503 992 2565 radicibus
1015 2522 1118 2565 carum

104 2593 240 2670 corporis
259 2592 329 2652 vitia
349 2610 478 2673 curasse,
497 2594 566 2671 quia
586 2592 723 2652 timidum
742 2610 837 2669 genus
856 2592 1026 2653 mortalium
1039 2595 1118 2651 inter

64 2696 90 2738 rs
104 2682 188 2741 initia
207 2698 267 2741 non
287 2679 371 2741 facile
390 2698 422 2741 se
441 2681 521 2741 ferro
540 2682 662 2759 ignique
683 2679 893 2740 committebat.
928 2679 1013 2751 Quod
1029 2681 1119 2740 etiam

104 2787 185 2829 nunc
213 2768 348 2849 plerique
379 2769 505 2849 faciunt,
534 2787 571 2829 ne
599 2769 697 2829 dicam
725 2787 841 2849 omnes,
870 2777 900 2830 et
928 2770 987 2829 nisi
1013 2787 1119 2849 magna

104 2857 241 2937 conpulsi
264 2860 442 2919 necessitate
465 2859 560 2937 ipsius
584 2857 689 2918 salutis
713 2876 772 2918 non
794 2861 949 2937 patiuntur
968 2858 1026 2919 sibi
1044 2859 1119 2939 lieri,

104 2964 180 3026 quae
205 2964 276 3007 saue
299 2948 346 3007 vix
370 2946 521 3022 tqleranda
545 2954 622 3007 sunt.
665 2946 726 3007 Gur
752 2966 822 3026 ergo
846 2947 938 3028 aliqui
960 2947 1154 3009 excludants

103 3036 282 3096 medicinam
306 3035 341 3096 de
364 3054 422 3097 usu
444 3035 743 3116 medicamentorum,
766 3055 826 3097 non
849 3039 981 3119 invenio,
1004 3039 1064 3098 nisi
1086 3044 1120 3097 ut

65 3140 90 3182 oo
105 3124 245 3203 detegant
272 3124 492 3204 inprudentiam
521 3142 612 3185 suam.
656 3124 724 3185 Sive
752 3128 832 3185 enim
859 3125 974 3187 nullum
1004 3128 1119 3207 experi-

177 3294 317 3350 Scribouc'i
334 3295 424 3365 Lcrpt'
441 3297 507 3351 baec
525 3300 564 3350 est
584 3296 709 3364 epistula.

178 3365 331 3421 lcondam
350 3372 366 3420 1
373 3383 407 3421 m.
479 3364 663 3436 hierophilus.
736 3368 951 3436 bconprobato.
1017 3374 1050 3422 12
1070 3385 1118 3423 no·

104 3436 180 3492 mine
199 3442 258 3494 2m.
354 3442 386 3492 15
405 3439 487 3495 cerba
505 3437 599 3493 forsan
619 3454 677 3492 non
695 3455 713 3493 a,
730 3438 867 3493 medendo
886 3440 935 3495 sed
954 3455 972 3492 a
990 3439 1120 3509 potentie

104 3507 261 3577 effectuque
281 3505 548 3564 medicamentorum
574 3526 623 3565 om.
701 3514 733 3563 16
761 3509 906 3578 appellati.
980 3516 1014 3566 28
1037 3511 1116 3582 sone]

103 3579 178 3634 sanis
198 3578 358 3635 Oornurc'uo.
