2609 4017
555 181 798 248 ,150-

120 359 155 412 94
174 356 277 426 tegere
299 347 365 408 lana
388 346 541 426 sulpurata
560 353 653 407 totam
672 345 828 407 maxillam.
861 345 942 406 Bene
961 340 1084 406 discutit
1101 361 1195 424 paro·

173 436 251 499 tidas
278 437 333 496 iris
359 435 476 516 illyrica
503 443 628 496 contusa
656 443 741 495 cocta
770 453 806 495 ex
834 453 922 514 passo
950 443 980 494 et
1002 451 1085 495 more
1109 441 1194 494 cata-

173 526 325 606 plasmatis
352 525 464 586 larinae
491 523 660 584 hordiaciae
689 522 781 584 calida
808 522 856 584 bis
878 522 925 584 rel
947 530 995 583 ter
1016 525 1048 583 iu
1071 522 1120 583 die
1145 523 1194 582 iu-

120 628 155 678 95
174 616 277 693 posita.
307 613 437 674 Discutit
455 621 486 673 et
502 612 559 673 hoc
578 612 828 674 medicamentum
846 611 1005 692 parotidas,
1028 621 1193 690 antequam

174 709 354 782 suppurent,
386 700 467 781 quod
499 702 658 762 coniicitur
691 701 747 762 sic:
790 699 918 780 Spumae
948 701 1064 778 argenti
1090 699 1123 759 P.
1153 699 1224 780 ll,s

175 809 314 852 cerussae
337 789 369 852 P.
387 790 410 871 l,
433 788 503 852 salis
526 791 702 850 ammoniaci
720 789 752 850 P.
771 789 793 871 l,
817 791 894 849 aeris
913 788 996 848 floris
1014 787 1045 850 P.
1064 787 1086 870 l,
1108 791 1192 849 aceti

174 877 205 941 »St
225 879 246 962 l,
269 878 327 939 olei
350 880 459 939 veteris
481 875 513 941 θ
531 877 567 939 ll.
609 878 760 960 Spumam,
783 895 944 958 cerussam,
968 876 1057 938 salem
1080 895 1137 956 per
1157 895 1191 938 se

174 975 205 1028 et
227 986 296 1028 cum
315 976 399 1029 aceto
418 975 517 1028 terere
535 975 565 1028 te
584 975 703 1047 oportet
721 969 862 1028 mortario
882 985 1057 1048 marmoreo,
1078 965 1191 1026 deiude

174 1056 239 1117 oleo
258 1056 386 1118 admixto
404 1058 531 1117 traicere
549 1058 582 1116 iu
600 1055 760 1117 caccabum
778 1055 917 1136 amplum,
940 1073 978 1115 ue
992 1064 1075 1116 extra
1093 1055 1191 1115 effun-

174 1144 270 1226 datur,
293 1144 382 1206 etad
405 1147 504 1224 ignem
526 1162 652 1227 ponere;
667 1146 842 1206 effervescit
865 1147 945 1204 enim
969 1143 1060 1204 valde.
1109 1142 1191 1204 Cum
1209 1159 1238 1198 ao

174 1234 248 1295 haec
276 1252 366 1313 super
394 1235 495 1312 ignem
516 1235 613 1313 posita
635 1232 795 1294 habuerint
818 1233 972 1312 emplastri
993 1231 1090 1293 mollis
1111 1240 1192 1292 tem·

173 1330 353 1402 paraturam,
376 1321 486 1401 deponi
508 1321 658 1401 oportebit
681 1321 853 1402 caccabum3
877 1339 946 1383 cum
971 1339 1039 1382 vero
1063 1320 1192 1382 desierit

173 1411 302 1491 terrere,
329 1409 471 1490 paulatim
499 1428 657 1491 aspergere
684 1413 762 1471 aeris
789 1410 893 1471 liorem
921 1418 953 1470 et
977 1428 1096 1470 morere
1119 1427 1190 1488 spa-

173 1499 235 1560 tula
257 1497 516 1579 medicamentum,
539 1517 576 1560 ne
598 1507 682 1560 extra
700 1500 851 1580 tundatur,
874 1509 904 1560 et
921 1516 1028 1560 rursus
1047 1517 1191 1580 coquere,

174 1588 268 1649 donec
291 1587 398 1649 habeat
420 1587 574 1667 emplastri
595 1587 830 1671 spissitudinem,
852 1586 982 1648 debebis.
1207 1604 1237 1643 as

122 1690 157 1740 aa
265 1677 308 1738 ad
332 1684 462 1738 strumas
486 1677 562 1738 bene
580 1677 650 1737 iacit
668 1677 752 1737 radix
770 1678 939 1738 cucumeris
958 1676 1083 1737 silvatici
1100 1683 1190 1737 cocta

173 1785 208 1827 ex
233 1785 309 1846 aqua
331 1766 426 1827 mulsa
449 1773 479 1826 et
502 1767 573 1826 trita
595 1773 684 1844 atque
707 1766 748 1825 ita
775 1767 916 1844 inposita,
939 1764 1088 1826 hibiscum
1111 1783 1188 1843 quo·

122 1865 155 1916 97
176 1874 234 1934 que
253 1855 358 1916 eodem
377 1853 464 1914 modo
483 1862 602 1914 coctum
622 1863 652 1915 et
670 1855 832 1933 inpositum
846 1853 953 1914 melius
967 1855 1047 1915 iacit.
1079 1853 1191 1913 llarini

174 1943 291 2024 lepores
314 1942 380 2002 oleo
402 1950 502 2002 vetere
525 1944 624 2002 enecti
646 1941 723 2002 bene
751 1943 864 2004 iaciunt
887 1942 1082 2004 discutiendis
1107 1950 1189 2002 stru·

173 2034 240 2112 mis,
263 2048 332 2092 cum
355 2032 420 2110 ipso
443 2028 509 2090 oleo
531 2033 562 2090 in
581 2029 719 2109 plumbea
738 2032 845 2110 pyxide
863 2031 949 2113 clusi,
971 2049 1060 2111 quam
1078 2030 1189 2092 diebus
1205 2049 1237 2088 so

174 2119 225 2180 XL
248 2118 405 2197 diligenter
428 2117 575 2196 alligatam
598 2127 716 2199 oportet
739 2119 856 2202 haberi3
879 2128 982 2199 postea
1006 2137 1043 2182 ex
1065 2138 1101 2180 eo
1118 2121 1188 2198 pin·

173 2207 243 2270 nula
271 2206 445 2268 obliueudae
474 2217 544 2269 sunt
572 2216 703 2270 strumae
732 2227 882 2289 superque
908 2225 958 2270 cas
981 2208 1067 2287 pellis
1089 2207 1188 2269 lanata

173 2315 234 2358 non
256 2298 381 2358 nimium
404 2304 488 2358 tonsa
512 2297 632 2376 tegendi
654 2299 749 2377 gratia
771 2297 940 2377 inponenda
959 2306 1013 2358 est.
1049 2296 1188 2376 Praecipi

174 2393 273 2448 autem
296 2393 426 2466 oportet,
450 2405 488 2447 ne
512 2388 579 2466 quis
601 2385 659 2447 hoc
682 2387 898 2447 medicamento
920 2404 1026 2448 manus
1048 2387 1188 2464 inquinet

121 2484 156 2534 98
174 2484 226 2538 aut
247 2476 425 2559 inquinatas,
448 2477 623 2555 priusquam
640 2473 717 2546 bene
736 2473 853 2558 eluerit,
875 2475 911 2535 ad
931 2493 964 2534 os
984 2475 1101 2535 reserat.
1140 2473 1186 2534 Ad
1204 2491 1236 2531 25

174 2573 303 2626 strumas
326 2572 357 2626 et
379 2564 416 2625 ad
440 2564 565 2625 duritias
588 2581 782 2624 mammarum
806 2563 931 2624 mirifice
954 2562 1103 2624 fecithoc
1123 2579 1186 2622 nae

173 2655 387 2735 dicamentum,
414 2662 571 2733 antequam
594 2659 770 2731 suppurent
796 2661 827 2712 et
849 2659 917 2730 post
940 2653 1187 2731 suppurationem

173 2742 266 2804 nibilo
287 2743 387 2802 miuus
410 2741 483 2802 utile
502 2751 558 2822 est,
580 2743 689 2819 accipit
707 2739 794 2802 baec:
814 2739 879 2800 Olei
897 2743 1005 2800 veteris
1024 2739 1057 2802 P.
1069 2738 1092 2819 l,
1116 2757 1187 2817 spu-

173 2849 238 2892 mae
268 2831 383 2908 argenti
405 2829 436 2890 P.
456 2828 482 2907 1,-
509 2829 602 2909 gallae
630 2829 767 2909 Syriacae
795 2827 826 2889 P.
845 2828 885 2910 ll,
913 2846 1037 2889 mannae
1064 2825 1128 2889 P.l
1157 2837 1189 2888 et

173 2921 305 2998 unciam,
333 2916 450 2996 galbani
472 2917 504 2980 P.
522 2917 544 2978 l.
591 2916 666 2978 Cum
693 2917 759 2978 oleo
783 2919 923 2997 coquitur
946 2935 1065 2998 spuma,
1090 2916 1186 2977 donec
1203 2934 1234 2974 ao

172 3009 268 3068 ceroti
296 3007 385 3086 spissi
411 3005 519 3067 babeat
546 3014 791 3088 temperaturam,
819 3005 925 3066 deiude
953 3006 1135 3066 admiscetur
1159 3007 1188 3066 ei

173 3095 248 3173 galla
275 3102 306 3155 et
334 3093 498 3156 secuudum
523 3095 600 3156 banc
623 3114 743 3177 manna3
771 3113 840 3156 cum
868 3093 1021 3174 emplastri
1047 3093 1189 3156 babuerit

173 3183 411 3265 spissitudinem,
433 3183 548 3245 tollitur
571 3184 608 3246 ab
631 3187 694 3263 igni
718 3183 966 3244 medicamentum
990 3191 1112 3244 etcum
1137 3183 1187 3244 de·

173 3275 258 3334 sierit
281 3273 406 3354 fervere,
429 3273 570 3351 paulatim
593 3273 750 3353 galbanum
771 3275 925 3354 miscetur,
950 3271 1058 3332 deinde
1081 3270 1187 3332 linitur

244 3408 387 3464 erasme
406 3423 456 3463 om.
520 3408 614 3464 otios.
680 3414 713 3464 10
732 3407 907 3463 auferresoit.
970 3412 1003 3462 tt
1023 3406 1186 3478 aspergere]

172 3495 313 3604 ppppppisa.
408 3479 468 3534 flos.
563 3485 597 3534 1‘1
625 3479 779 3534 hebisenm.
889 3483 922 3533 19
951 3478 1044 3534 enecti
1073 3479 1187 3548 scripsi.-

74 3806 205 4008 Ἷ
