2609 4017
569 147 785 213 „23-

172 314 255 375 lauro
284 315 414 390 incocta3
447 328 506 389 qno
531 319 674 389 ,tempore
702 312 790 371 etiam
819 317 1090 371 sternutamentum
1117 329 1201 371 con-

173 405 265 465 citare
298 418 358 463 non
390 398 518 459 alienum
542 402 600 461 erit
627 399 684 460 boc
711 398 940 479 medicamento,
968 399 1048 478 quod
1075 418 1112 460 ex
1141 400 1200 459 his

172 492 264 553 rebus
283 489 475 568 conponitur:
499 486 616 550 Veratri
634 487 702 569 albi,
726 488 863 568 castorei,
887 487 1017 570 struthii,
1041 490 1120 568 quod
1143 499 1199 550 est

172 582 256 642 radix
279 578 404 657 lanaria,
426 578 539 655 piperis
563 576 634 657 albi,
663 576 848 656 singulorum
872 574 898 635 X
921 577 1062 655 singulos.
1108 576 1197 638 Haec

172 677 298 731 contusa
325 668 456 727 tenuiter
484 666 579 726 forato
608 665 708 728 cribro
736 667 990 747 transmittuntur3
1018 685 1088 728 cum
1111 682 1227 747 opuss
1293 657 1296 713 l

174 759 278 836 luerit,
305 774 359 835 per
382 757 504 833 pinnam
532 764 584 816 aut
612 754 756 816 calamum
781 756 973 833 scriptorium
995 754 1119 817 naribus
1143 759 1193 817 in-

174 845 333 909 sufflentur
360 844 406 904 vel
435 842 557 923 specillo
585 846 680 905 tincto
709 846 740 904 in
764 862 839 923 aqrra
863 852 894 904 et
916 862 1041 905 excusso
1064 845 1193 906 naribus

173 937 345 995 iniciuntur.
385 933 523 995 Proderit
546 941 646 995 autem
668 933 704 993 ad
728 940 999 994 sternutamentum
1021 935 1111 994 etiam
1135 953 1194 1013 per

175 1044 207 1085 se
235 1032 393 1085 contusum
420 1032 450 1085 et
473 1022 576 1084 eadem
599 1024 715 1084 ratione
738 1024 882 1083 iniectum
905 1030 1055 1083 veratrum
1078 1022 1192 1105 album,

173 1113 305 1191 linguam
328 1113 408 1172 enim
432 1114 540 1173 siccam
560 1120 590 1172 et
608 1111 720 1172 aridam
739 1110 916 1172 sternutatio
936 1112 1035 1171 statim
1053 1112 1190 1173 inundat
1208 1128 1240 1168 ro

122 1212 153 1262 11
174 1201 285 1281 Capitis
308 1200 441 1261 dolorem
465 1202 598 1280 quamvis
617 1206 748 1261 veterem
767 1209 797 1260 et
815 1198 1032 1261 intolerabilem
1050 1203 1193 1280 protinus

174 1289 252 1353 tollit
279 1298 309 1351 et
327 1291 358 1349 in
387 1298 565 1368 perpetuum
594 1289 738 1349 remediat
761 1289 886 1367 torpedo
910 1290 996 1367 nigra
1017 1291 1082 1351 viva
1104 1291 1192 1369 inpo-

174 1382 230 1441 sita
258 1382 286 1440 ei
314 1378 393 1459 loco,
421 1378 473 1457 qui
501 1381 532 1439 in
562 1376 664 1438 dolore
693 1384 751 1457 est,
781 1377 875 1439 donec
904 1376 1020 1438 desinat
1047 1378 1132 1439 dolor
1162 1389 1195 1439 et

174 1468 364 1548 obtorpescat
387 1484 421 1527 ea
439 1484 523 1547 pars3
547 1466 626 1546 quod
646 1468 863 1545 cumprimum
882 1469 1011 1528 senserit
1030 1469 1082 1546 qui
1100 1467 1192 1549 dolet,

173 1565 362 1619 removeatur
393 1557 573 1637 remedium,
605 1573 643 1617 ne
676 1572 783 1615 sensus
812 1556 965 1617 auferatur
993 1556 1057 1616 eius
1086 1559 1191 1635 partis.
1206 1572 1239 1613 rs

174 1648 281 1710 Plures
309 1654 408 1709 autem
435 1646 582 1725 parandae
611 1652 683 1705 suut
704 1644 877 1722 torpedines
904 1645 1038 1705 eiusdem
1062 1648 1193 1727 generis,

175 1740 243 1818 quia
271 1754 493 1814 nonnumquam
523 1737 570 1795 vix
598 1732 732 1795 adduas
760 1740 858 1794 tresve
880 1734 1044 1813 respondet
1064 1736 1193 1816 curatio,

122 1836 154 1885 12
174 1827 205 1888 id
229 1835 274 1887 est
297 1833 410 1903 torpor,
434 1824 513 1903 quod
537 1826 654 1903 signum
679 1830 726 1882 est
748 1822 978 1884 remediationis.
1015 1822 1060 1882 Ad
1084 1825 1193 1902 capitis

175 1914 306 1976 dolorem
335 1914 446 1973 iactum
470 1930 506 1972 ex
529 1914 703 1991 perustione
727 1909 849 1989 prodest
872 1928 957 1971 rosae
980 1910 1076 1972 bonae
1099 1930 1193 1973 sucus

173 2003 291 2065 inlusus
315 2002 414 2082 capiti,
438 2000 490 2061 sed
514 2019 582 2061 cum
606 2018 678 2061 suco
702 1998 739 2058 dc
758 2000 850 2059 moris
869 2001 946 2061 lacto
965 2000 1030 2079 pari
1048 2020 1191 2062 mensura
1206 2016 1237 2057 so

124 2108 156 2156 13
175 2093 314 2153 admixto.
350 2090 394 2149 td
421 2090 526 2168 capitis
550 2088 682 2149 dolorem
706 2088 817 2148 lactum
841 2107 876 2148 ex
899 2090 1094 2168 perfrictione
1117 2093 1192 2151 satis

175 2181 296 2260 prodest
313 2178 411 2239 oleum
425 2180 537 2238 irinum
551 2195 619 2239 cum
634 2174 765 2255 serpullo
780 2184 810 2237 et
824 2179 931 2256 exiguo
946 2188 1030 2239 aceto
1044 2178 1193 2261 inlusum3

175 2272 268 2348 magis
283 2274 392 2347 autem,
406 2269 432 2328 si
446 2275 497 2327 aut
510 2266 595 2327 iridis
608 2266 694 2327 radix
703 2272 754 2326 aut
763 2266 928 2345 peucedani
938 2286 1028 2329 sescus
1038 2268 1193 2346 prioribus

176 2358 322 2419 admixtus
346 2356 444 2417 luerit.
481 2355 607 2416 Prodest
631 2362 662 2416 et
680 2362 747 2415 ruta
766 2373 834 2415 cum
853 2354 918 2416 oleo
936 2359 1014 2418 irino
1034 2365 1064 2417 et
1082 2360 1192 2437 exiguo

175 2456 258 2508 aceto
280 2452 364 2507 cocta
388 2452 417 2505 et
441 2444 539 2523 tepide
558 2444 656 2504 inlusa
676 2445 765 2522 capiti
784 2461 839 2505 nec
858 2446 957 2505 minus
975 2455 1103 2524 prosunt
1121 2446 1192 2507 lolia
1206 2459 1235 2501 ss

175 2535 252 2597 lauri
275 2553 343 2596 cum
367 2535 443 2593 irino
468 2532 532 2594 oleo
557 2540 586 2594 et
608 2535 715 2612 exiguo
734 2541 819 2593 aceto
838 2535 908 2594 trita
927 2542 957 2595 et
975 2536 1074 2595 inlusa
1092 2538 1192 2614 capiti.

125 2639 158 2688 14
177 2625 220 2685 Ad
245 2626 351 2704 capitis
375 2621 506 2684 dolorem
531 2623 641 2683 lactum
665 2641 701 2683 ex
725 2625 792 2683 vino
813 2623 906 2682 nimio
925 2634 1051 2701 prosunt
1071 2624 1192 2703 quidem

177 2722 206 2776 et
230 2732 272 2795 ea,
297 2730 371 2792 quae
395 2711 523 2771 diximus
547 2711 693 2790 prolicere
717 2712 753 2772 ad
773 2712 877 2789 capitis
896 2710 1029 2773 dolorem
1048 2731 1084 2773 ex
1103 2731 1192 2791 peru-

177 2805 272 2864 stione
295 2802 418 2861 factnm:
442 2808 569 2877 prosunt
592 2807 621 2859 et
644 2807 730 2859 rutae
753 2798 821 2858 lolia
844 2802 913 2860 trita
937 2818 1006 2861 curn
1024 2808 1117 2882 aceto,
1141 2802 1191 2863 ad·

176 2893 266 2951 mixta
290 2890 333 2949 eis
357 2905 435 2967 rosa,
458 2894 488 2947 et
511 2904 603 2947 nuces
624 2905 740 2948 amarae
760 2887 864 2947 eodem
883 2890 979 2950 modo.
1016 2888 1143 2951 Faciunt
1161 2899 1192 2952 et
1205 2904 1235 2945 eo

177 2980 245 3057 agni
268 2976 346 3057 lolia,
370 2993 445 3055 quae
469 2982 634 3036 nascuntur
657 2977 688 3035 in
714 2975 857 3059 virgultis,
882 2977 991 3056 quibus
1011 2978 1117 3039 Graeci
1134 2998 1189 3059 pro

176 3066 335 3128 viminibus
365 3070 491 3124 utuntur
525 3063 687 3143 eademque
714 3064 798 3145 lygus
821 3065 982 3149 appellant,
1011 3085 1078 3129 cnm
1106 3067 1191 3128 iridis

126 3170 158 3219 15
178 3156 276 3217 aridae
301 3153 399 3213 radice
422 3155 493 3212 trita
516 3154 606 3212 mixta
631 3155 675 3213 eis
699 3172 766 3215 rosa
786 3161 874 3233 atque
894 3165 986 3216 aceto.
1022 3156 1067 3217 Ad
1086 3159 1191 3235 capitis

177 3243 308 3305 dolorem
337 3242 447 3301 lactum
476 3259 512 3301 ex
535 3244 597 3302 ictu
621 3250 673 3303 aut
696 3262 767 3304 casu
790 3262 807 3303 e
831 3243 951 3304 sublimi
979 3245 1101 3323 prodest
1124 3264 1191 3306 rosa

248 3374 409 3446 istruthii]
427 3376 563 3445 pyrethri.
615 3378 769 3447 ispicillo.
822 3384 854 3433 13
874 3379 978 3435 dolore.
1047 3386 1080 3435 16
1098 3382 1191 3450 turpe

176 3450 264 3505 dines.
321 3453 353 3501 13
372 3447 570 3517 perustionem.
626 3453 660 3501 29
679 3447 753 3503 irita.
809 3455 842 3503 31
862 3449 953 3504 hanni.
1003 3456 1039 3504 34
1057 3453 1107 3506 eni
1125 3468 1190 3506 cosa

176 3538 259 3579 Olim.

118 3655 190 3681 ἢ
