<?xml version="1.0" encoding="UTF-8"?>
<!DOCTYPE html PUBLIC "-//W3C//DTD XHTML 1.0 Transitional//EN"
    "http://www.w3.org/TR/xhtml1/DTD/xhtml1-transitional.dtd">
<html xmlns="http://www.w3.org/1999/xhtml" xml:lang="en" lang="en">
 <head>
  <title>
</title>
<meta http-equiv="Content-Type" content="text/html;charset=utf-8" />
  <meta name='ocr-system' content='tesseract 3.04.00' />
  <meta name='ocr-capabilities' content='ocr_page ocr_carea ocr_par ocr_line ocrx_word'/>
</head>
<body>
  <div class='ocr_page' id='page_1' title='image "./marcellidemedic03helmgoog_0332.png"; bbox 0 0 2609 4017; ppageno 0'>
   <div class='ocr_carea' id='block_1_1' title="bbox 576 191 821 257">
    <p class='ocr_par' dir='ltr' id='par_1_1' title="bbox 576 191 821 257">
     <span class='ocr_line' id='line_1_1' title="bbox 576 191 821 257; baseline -0.008 0"><span class='ocrx_word' id='word_1_1' title='bbox 576 229 618 238; x_wconf 90' lang='lat'><em>-</em></span> <span class='ocrx_word' id='word_1_2' title='bbox 665 191 821 257; x_wconf 80' lang='lat'>320-</span> 
     </span>
    </p>
   </div>
   <div class='ocr_carea' id='block_1_2' title="bbox 140 352 1300 3362">
    <p class='ocr_par' dir='ltr' id='par_1_2' title="bbox 140 352 1297 969">
     <span class='ocr_line' id='line_1_2' title="bbox 140 352 1213 432; baseline -0.002 -16"><span class='ocrx_word' id='word_1_3' title='bbox 140 373 175 422; x_wconf 78' lang='lat'><strong>26</strong></span> <span class='ocrx_word' id='word_1_4' title='bbox 194 364 271 416; x_wconf 88' lang='lat' dir='ltr'><strong>trem</strong></span> <span class='ocrx_word' id='word_1_5' title='bbox 300 357 434 416; x_wconf 91' lang='lat' dir='ltr'><strong>moverit.</strong></span> <span class='ocrx_word' id='word_1_6' title='bbox 475 354 513 416; x_wconf 86' lang='lat' dir='ltr'><strong>Et</strong></span> <span class='ocrx_word' id='word_1_7' title='bbox 535 354 592 423; x_wconf 90' lang='lat' dir='ltr'><strong>hoc</strong></span> <span class='ocrx_word' id='word_1_8' title='bbox 615 354 866 415; x_wconf 78' lang='lat' dir='ltr'><strong>medicamentum</strong></span> <span class='ocrx_word' id='word_1_9' title='bbox 888 352 1024 414; x_wconf 87' lang='lat' dir='ltr'><strong>ciusdem</strong></span> <span class='ocrx_word' id='word_1_10' title='bbox 1046 355 1092 413; x_wconf 92' lang='lat' dir='ltr'><strong>rei</strong></span> <span class='ocrx_word' id='word_1_11' title='bbox 1113 354 1213 432; x_wconf 88' lang='lat' dir='ltr'><strong>gratia</strong></span> 
     </span>
     <span class='ocr_line' id='line_1_3' title="bbox 194 441 1295 524; baseline -0.003 -19"><span class='ocrx_word' id='word_1_12' title='bbox 194 441 335 506; x_wconf 78' lang='lat' dir='ltr'><strong>umbilico</strong></span> <span class='ocrx_word' id='word_1_13' title='bbox 359 446 521 524; x_wconf 84' lang='lat' dir='ltr'><strong>superponi</strong></span> <span class='ocrx_word' id='word_1_14' title='bbox 544 451 663 522; x_wconf 87' lang='lat' dir='ltr'><strong>oportet</strong></span> <span class='ocrx_word' id='word_1_15' title='bbox 687 451 738 504; x_wconf 88' lang='lat' dir='ltr'><strong>aut</strong></span> <span class='ocrx_word' id='word_1_16' title='bbox 761 442 860 523; x_wconf 90' lang='lat' dir='ltr'><strong>lateri,</strong></span> <span class='ocrx_word' id='word_1_17' title='bbox 884 441 963 522; x_wconf 90' lang='lat' dir='ltr'><strong>quod</strong></span> <span class='ocrx_word' id='word_1_18' title='bbox 987 443 1095 520; x_wconf 80' lang='lat' dir='ltr'><strong>recipit</strong></span> <span class='ocrx_word' id='word_1_19' title='bbox 1119 441 1213 503; x_wconf 89' lang='lat' dir='ltr'><strong>haec:</strong></span> <span class='ocrx_word' id='word_1_20' title='bbox 1294 468 1295 515; x_wconf 51' lang='lat' dir='ltr'><strong>y</strong></span> 
     </span>
     <span class='ocr_line' id='line_1_4' title="bbox 195 520 1295 613; baseline -0.005 -19"><span class='ocrx_word' id='word_1_21' title='bbox 195 532 374 594; x_wconf 88' lang='lat' dir='ltr'><strong>Cucurbitae</strong></span> <span class='ocrx_word' id='word_1_22' title='bbox 393 531 543 593; x_wconf 79' lang='lat' dir='ltr'><strong>silvaticae</strong></span> <span class='ocrx_word' id='word_1_23' title='bbox 562 533 714 613; x_wconf 90' lang='lat' dir='ltr'><strong>interiora,</strong></span> <span class='ocrx_word' id='word_1_24' title='bbox 738 549 813 611; x_wconf 89' lang='lat' dir='ltr'><strong>quae</strong></span> <span class='ocrx_word' id='word_1_25' title='bbox 836 533 922 610; x_wconf 84' lang='lat' dir='ltr'><strong>quasi</strong></span> <span class='ocrx_word' id='word_1_26' title='bbox 939 530 1026 593; x_wconf 89' lang='lat' dir='ltr'><strong>iiocci</strong></span> <span class='ocrx_word' id='word_1_27' title='bbox 1044 538 1123 611; x_wconf 90' lang='lat' dir='ltr'><strong>sunt,</strong></span> <span class='ocrx_word' id='word_1_28' title='bbox 1149 529 1213 590; x_wconf 92' lang='lat' dir='ltr'><strong>alu·</strong></span> <span class='ocrx_word' id='word_1_29' title='bbox 1294 520 1295 553; x_wconf 39' lang='lat' dir='ltr'>f</span> 
     </span>
     <span class='ocr_line' id='line_1_5' title="bbox 194 604 1297 702; baseline -0.003 -20"><span class='ocrx_word' id='word_1_30' title='bbox 194 623 283 682; x_wconf 91' lang='lat' dir='ltr'><strong>minis</strong></span> <span class='ocrx_word' id='word_1_31' title='bbox 298 621 411 702; x_wconf 90' lang='lat' dir='ltr'><strong>liquidi,</strong></span> <span class='ocrx_word' id='word_1_32' title='bbox 430 621 593 700; x_wconf 92' lang='lat' dir='ltr'><strong>characiae,</strong></span> <span class='ocrx_word' id='word_1_33' title='bbox 612 619 777 700; x_wconf 81' lang='lat' dir='ltr'><strong>tithymalli,</strong></span> <span class='ocrx_word' id='word_1_34' title='bbox 795 619 950 699; x_wconf 88' lang='lat' dir='ltr'><strong>lathyridis</strong></span> <span class='ocrx_word' id='word_1_35' title='bbox 965 618 1085 700; x_wconf 83' lang='lat' dir='ltr'><strong>herbae,</strong></span> <span class='ocrx_word' id='word_1_36' title='bbox 1101 618 1213 680; x_wconf 83' lang='lat' dir='ltr'><strong>laseris</strong></span> <span class='ocrx_word' id='word_1_37' title='bbox 1295 604 1297 639; x_wconf 46' lang='lat' dir='ltr'><strong>l</strong></span> 
     </span>
     <span class='ocr_line' id='line_1_6' title="bbox 195 706 1296 789; baseline -0.002 -19"><span class='ocrx_word' id='word_1_38' title='bbox 195 710 349 789; x_wconf 77' lang='lat' dir='ltr'><strong>Cyrenaici</strong></span> <span class='ocrx_word' id='word_1_39' title='bbox 375 711 458 788; x_wconf 91' lang='lat' dir='ltr'><strong>paria</strong></span> <span class='ocrx_word' id='word_1_40' title='bbox 486 709 618 789; x_wconf 89' lang='lat' dir='ltr'><strong>pondera</strong></span> <span class='ocrx_word' id='word_1_41' title='bbox 644 711 716 770; x_wconf 88' lang='lat' dir='ltr'><strong>trita</strong></span> <span class='ocrx_word' id='word_1_42' title='bbox 743 708 811 770; x_wconf 83' lang='lat' dir='ltr'><strong>felle</strong></span> <span class='ocrx_word' id='word_1_43' title='bbox 834 711 953 770; x_wconf 92' lang='lat' dir='ltr'><strong>taurino</strong></span> <span class='ocrx_word' id='word_1_44' title='bbox 977 707 1100 769; x_wconf 87' lang='lat' dir='ltr'><strong>collecta</strong></span> <span class='ocrx_word' id='word_1_45' title='bbox 1121 707 1241 768; x_wconf 77' lang='lat' dir='ltr'><strong>lateris</strong></span> <span class='ocrx_word' id='word_1_46' title='bbox 1295 706 1296 787; x_wconf 76' lang='lat' dir='ltr'><strong>l</strong></span> 
     </span>
     <span class='ocr_line' id='line_1_7' title="bbox 194 792 1296 860; baseline -0.002 -2"><span class='ocrx_word' id='word_1_47' title='bbox 194 797 241 858; x_wconf 91' lang='lat' dir='ltr'><strong>vel</strong></span> <span class='ocrx_word' id='word_1_48' title='bbox 264 797 405 859; x_wconf 87' lang='lat' dir='ltr'><strong>umbilico</strong></span> <span class='ocrx_word' id='word_1_49' title='bbox 428 815 497 859; x_wconf 91' lang='lat' dir='ltr'><strong>cum</strong></span> <span class='ocrx_word' id='word_1_50' title='bbox 520 799 690 860; x_wconf 90' lang='lat' dir='ltr'><strong>cucumeris</strong></span> <span class='ocrx_word' id='word_1_51' title='bbox 713 797 839 859; x_wconf 88' lang='lat' dir='ltr'><strong>silvatici</strong></span> <span class='ocrx_word' id='word_1_52' title='bbox 864 799 976 859; x_wconf 90' lang='lat' dir='ltr'><strong>maturi</strong></span> <span class='ocrx_word' id='word_1_53' title='bbox 1003 815 1077 858; x_wconf 91' lang='lat' dir='ltr'><strong>suco</strong></span> <span class='ocrx_word' id='word_1_54' title='bbox 1103 797 1213 857; x_wconf 92' lang='lat' dir='ltr'><strong>eodem</strong></span> <span class='ocrx_word' id='word_1_55' title='bbox 1295 792 1296 821; x_wconf 63' lang='lat'>¹</span> 
     </span>
     <span class='ocr_line' id='line_1_8' title="bbox 194 885 1297 969; baseline -0.004 -21"><span class='ocrx_word' id='word_1_56' title='bbox 194 886 282 948; x_wconf 91' lang='lat' dir='ltr'><strong>modo</strong></span> <span class='ocrx_word' id='word_1_57' title='bbox 307 904 366 966; x_wconf 90' lang='lat' dir='ltr'><strong>quo</strong></span> <span class='ocrx_word' id='word_1_58' title='bbox 390 889 650 967; x_wconf 92' lang='lat' dir='ltr'><strong>suprascriptum</strong></span> <span class='ocrx_word' id='word_1_59' title='bbox 674 885 839 948; x_wconf 92' lang='lat' dir='ltr'><strong>remedium</strong></span> <span class='ocrx_word' id='word_1_60' title='bbox 858 894 1114 966; x_wconf 88' lang='lat' dir='ltr'><strong>superponuntur.</strong></span> <span class='ocrx_word' id='word_1_61' title='bbox 1296 952 1297 969; x_wconf 48' lang='lat'><strong>,</strong></span> 
     </span>
    </p>

    <p class='ocr_par' dir='ltr' id='par_1_3' title="bbox 141 972 1298 1569">
     <span class='ocr_line' id='line_1_9' title="bbox 141 972 1297 1052; baseline -0.001 -17"><span class='ocrx_word' id='word_1_62' title='bbox 141 993 176 1042; x_wconf 79' lang='lat'><strong>27</strong></span> <span class='ocrx_word' id='word_1_63' title='bbox 284 973 373 1036; x_wconf 91' lang='lat' dir='ltr'><strong>Hiera</strong></span> <span class='ocrx_word' id='word_1_64' title='bbox 397 976 433 1037; x_wconf 92' lang='lat' dir='ltr'><strong>ad</strong></span> <span class='ocrx_word' id='word_1_65' title='bbox 457 975 623 1038; x_wconf 89' lang='lat' dir='ltr'><strong>resolutum</strong></span> <span class='ocrx_word' id='word_1_66' title='bbox 646 975 832 1037; x_wconf 89' lang='lat' dir='ltr'><strong>stomachum</strong></span> <span class='ocrx_word' id='word_1_67' title='bbox 860 983 892 1036; x_wconf 91' lang='lat' dir='ltr'><strong>et</strong></span> <span class='ocrx_word' id='word_1_68' title='bbox 918 977 1093 1036; x_wconf 88' lang='lat' dir='ltr'><strong>reicientem</strong></span> <span class='ocrx_word' id='word_1_69' title='bbox 1116 973 1214 1052; x_wconf 87' lang='lat' dir='ltr'><strong>quod·</strong></span> <span class='ocrx_word' id='word_1_70' title='bbox 1296 972 1297 977; x_wconf 72' lang='grc'>’</span> 
     </span>
     <span class='ocr_line' id='line_1_10' title="bbox 195 1061 1297 1144; baseline -0.001 -20"><span class='ocrx_word' id='word_1_71' title='bbox 195 1080 323 1144; x_wconf 89' lang='lat' dir='ltr'><strong>cumque</strong></span> <span class='ocrx_word' id='word_1_72' title='bbox 347 1067 509 1143; x_wconf 89' lang='lat' dir='ltr'><strong>sumpserit</strong></span> <span class='ocrx_word' id='word_1_73' title='bbox 536 1065 695 1126; x_wconf 87' lang='lat' dir='ltr'><strong>conficitur</strong></span> <span class='ocrx_word' id='word_1_74' title='bbox 718 1067 775 1126; x_wconf 91' lang='lat' dir='ltr'><strong>sic:</strong></span> <span class='ocrx_word' id='word_1_75' title='bbox 804 1063 891 1125; x_wconf 81' lang='lat' dir='ltr'><strong>Alces</strong></span> <span class='ocrx_word' id='word_1_76' title='bbox 914 1066 1017 1142; x_wconf 79' lang='lat' dir='ltr'><strong>nigrae</strong></span> <span class='ocrx_word' id='word_1_77' title='bbox 1040 1062 1066 1124; x_wconf 69' lang='lat' dir='ltr'>X</span> <span class='ocrx_word' id='word_1_78' title='bbox 1085 1061 1122 1143; x_wconf 87' lang='lat' dir='ltr'><strong>V,</strong></span> <span class='ocrx_word' id='word_1_79' title='bbox 1151 1080 1214 1123; x_wconf 89' lang='lat' dir='ltr'><strong>ma·</strong></span> <span class='ocrx_word' id='word_1_80' title='bbox 1296 1078 1297 1103; x_wconf 80' lang='lat'>³</span> 
     </span>
     <span class='ocr_line' id='line_1_11' title="bbox 196 1150 1255 1234; baseline -0.001 -22"><span class='ocrx_word' id='word_1_81' title='bbox 196 1154 279 1214; x_wconf 90' lang='lat' dir='ltr'><strong>sticis</strong></span> <span class='ocrx_word' id='word_1_82' title='bbox 310 1151 335 1213; x_wconf 83' lang='lat' dir='ltr'><strong>ll</strong></span> <span class='ocrx_word' id='word_1_83' title='bbox 362 1152 430 1234; x_wconf 90' lang='lat' dir='ltr'><strong>llll,</strong></span> <span class='ocrx_word' id='word_1_84' title='bbox 460 1155 601 1234; x_wconf 87' lang='lat' dir='ltr'><strong>cinnami,</strong></span> <span class='ocrx_word' id='word_1_85' title='bbox 632 1153 757 1215; x_wconf 90' lang='lat' dir='ltr'><strong>schoeni</strong></span> <span class='ocrx_word' id='word_1_86' title='bbox 782 1152 877 1232; x_wconf 85' lang='lat' dir='ltr'><strong>floris,</strong></span> <span class='ocrx_word' id='word_1_87' title='bbox 905 1152 1095 1232; x_wconf 88' lang='lat' dir='ltr'><strong>malobathri,</strong></span> <span class='ocrx_word' id='word_1_88' title='bbox 1121 1150 1214 1211; x_wconf 85' lang='lat' dir='ltr'><strong>nardi</strong></span> <span class='ocrx_word' id='word_1_89' title='bbox 1229 1173 1255 1211; x_wconf 76' lang='grc' dir='ltr'><strong>ιο</strong></span> 
     </span>
     <span class='ocr_line' id='line_1_12' title="bbox 197 1239 1298 1327; baseline 0 -27"><span class='ocrx_word' id='word_1_90' title='bbox 197 1241 347 1321; x_wconf 83' lang='lat' dir='ltr'><strong>Syriacae,</strong></span> <span class='ocrx_word' id='word_1_91' title='bbox 375 1245 470 1322; x_wconf 91' lang='lat' dir='ltr'><strong>croci,</strong></span> <span class='ocrx_word' id='word_1_92' title='bbox 498 1244 588 1322; x_wconf 86' lang='lat' dir='ltr'><strong>asari,</strong></span> <span class='ocrx_word' id='word_1_93' title='bbox 616 1241 820 1322; x_wconf 83' lang='lat' dir='ltr'><strong>xylobalsami,</strong></span> <span class='ocrx_word' id='word_1_94' title='bbox 848 1240 1035 1320; x_wconf 86' lang='lat' dir='ltr'><strong>singulorum</strong></span> <span class='ocrx_word' id='word_1_95' title='bbox 1062 1239 1088 1300; x_wconf 70' lang='grc' dir='ltr'>Χ</span> <span class='ocrx_word' id='word_1_96' title='bbox 1111 1257 1214 1300; x_wconf 90' lang='lat' dir='ltr'><strong>senos.</strong></span> <span class='ocrx_word' id='word_1_97' title='bbox 1297 1318 1298 1327; x_wconf 8' lang='grc' dir='ltr'>ἵ</span> 
     </span>
     <span class='ocr_line' id='line_1_13' title="bbox 195 1329 1298 1410; baseline -0.001 -21"><span class='ocrx_word' id='word_1_98' title='bbox 195 1329 275 1390; x_wconf 91' lang='lat' dir='ltr'><strong>Haec</strong></span> <span class='ocrx_word' id='word_1_99' title='bbox 302 1331 372 1390; x_wconf 93' lang='lat' dir='ltr'><strong>trita</strong></span> <span class='ocrx_word' id='word_1_100' title='bbox 402 1330 448 1391; x_wconf 93' lang='lat' dir='ltr'><strong>vel</strong></span> <span class='ocrx_word' id='word_1_101' title='bbox 480 1339 604 1393; x_wconf 88' lang='lat' dir='ltr'><strong>contusa</strong></span> <span class='ocrx_word' id='word_1_102' title='bbox 636 1330 723 1392; x_wconf 91' lang='lat' dir='ltr'><strong>melle</strong></span> <span class='ocrx_word' id='word_1_103' title='bbox 756 1338 997 1410; x_wconf 76' lang='lat' dir='ltr'><strong>consparguntur</strong></span> <span class='ocrx_word' id='word_1_104' title='bbox 1027 1337 1058 1390; x_wconf 88' lang='lat' dir='ltr'><strong>et</strong></span> <span class='ocrx_word' id='word_1_105' title='bbox 1088 1331 1130 1389; x_wconf 89' lang='lat' dir='ltr'><strong>ita</strong></span> <span class='ocrx_word' id='word_1_106' title='bbox 1165 1346 1214 1389; x_wconf 87' lang='lat' dir='ltr'><strong>re·</strong></span> <span class='ocrx_word' id='word_1_107' title='bbox 1297 1344 1298 1347; x_wconf 71' lang='grc'>’</span> 
     </span>
     <span class='ocr_line' id='line_1_14' title="bbox 195 1416 1214 1499; baseline -0.001 -21"><span class='ocrx_word' id='word_1_108' title='bbox 195 1427 349 1498; x_wconf 89' lang='lat' dir='ltr'><strong>ponuntur</strong></span> <span class='ocrx_word' id='word_1_109' title='bbox 381 1427 412 1480; x_wconf 91' lang='lat' dir='ltr'><strong>et</strong></span> <span class='ocrx_word' id='word_1_110' title='bbox 444 1436 513 1480; x_wconf 92' lang='lat' dir='ltr'><strong>cum</strong></span> <span class='ocrx_word' id='word_1_111' title='bbox 541 1438 616 1499; x_wconf 92' lang='lat' dir='ltr'><strong>opus</strong></span> <span class='ocrx_word' id='word_1_112' title='bbox 644 1427 691 1480; x_wconf 88' lang='lat' dir='ltr'><strong>est</strong></span> <span class='ocrx_word' id='word_1_113' title='bbox 718 1419 754 1480; x_wconf 94' lang='lat' dir='ltr'><strong>ad</strong></span> <span class='ocrx_word' id='word_1_114' title='bbox 782 1419 903 1480; x_wconf 90' lang='lat' dir='ltr'><strong>modum</strong></span> <span class='ocrx_word' id='word_1_115' title='bbox 931 1418 1015 1480; x_wconf 87' lang='lat' dir='ltr'><strong>labae</strong></span> <span class='ocrx_word' id='word_1_116' title='bbox 1037 1416 1112 1479; x_wconf 70' lang='lat' dir='ltr'><strong>‘cum</strong></span> <span class='ocrx_word' id='word_1_117' title='bbox 1140 1435 1214 1497; x_wconf 82' lang='lat' dir='ltr'><strong>oxy·</strong></span> 
     </span>
     <span class='ocr_line' id='line_1_15' title="bbox 196 1506 404 1569; baseline 0.01 -3"><span class='ocrx_word' id='word_1_118' title='bbox 196 1506 266 1567; x_wconf 90' lang='lat' dir='ltr'><strong>meli</strong></span> <span class='ocrx_word' id='word_1_119' title='bbox 288 1506 404 1569; x_wconf 88' lang='lat' dir='ltr'><strong>dantur.</strong></span> 
     </span>
    </p>

    <p class='ocr_par' dir='ltr' id='par_1_4' title="bbox 143 1595 1300 2297">
     <span class='ocr_line' id='line_1_16' title="bbox 143 1595 1299 1678; baseline -0.007 -15"><span class='ocrx_word' id='word_1_120' title='bbox 143 1613 177 1663; x_wconf 71' lang='lat'><strong>‘28</strong></span> <span class='ocrx_word' id='word_1_121' title='bbox 284 1595 438 1678; x_wconf 83' lang='lat' dir='ltr'><strong>Purgatio,</strong></span> <span class='ocrx_word' id='word_1_122' title='bbox 468 1615 526 1677; x_wconf 91' lang='lat' dir='ltr'><strong>qua</strong></span> <span class='ocrx_word' id='word_1_123' title='bbox 549 1596 674 1658; x_wconf 86' lang='lat' dir='ltr'><strong>Cosmus</strong></span> <span class='ocrx_word' id='word_1_124' title='bbox 701 1596 836 1657; x_wconf 86' lang='lat' dir='ltr'><strong>medicus</strong></span> <span class='ocrx_word' id='word_1_125' title='bbox 862 1596 1036 1676; x_wconf 81' lang='lat' dir='ltr'><strong>frequenter</strong></span> <span class='ocrx_word' id='word_1_126' title='bbox 1058 1613 1132 1656; x_wconf 88' lang='lat' dir='ltr'><strong>usus</strong></span> <span class='ocrx_word' id='word_1_127' title='bbox 1158 1601 1215 1675; x_wconf 88' lang='lat' dir='ltr'><strong>cst,</strong></span> <span class='ocrx_word' id='word_1_128' title='bbox 1229 1615 1256 1656; x_wconf 76' lang='lat' dir='ltr'><strong>ro</strong></span> <span class='ocrx_word' id='word_1_129' title='bbox 1298 1658 1299 1671; x_wconf 45' lang='lat'><strong>,</strong></span> 
     </span>
     <span class='ocr_line' id='line_1_17' title="bbox 196 1685 1216 1766; baseline -0.002 -20"><span class='ocrx_word' id='word_1_130' title='bbox 196 1703 272 1764; x_wconf 84' lang='lat' dir='ltr'><strong>quae</strong></span> <span class='ocrx_word' id='word_1_131' title='bbox 290 1685 373 1746; x_wconf 92' lang='lat' dir='ltr'><strong>biera</strong></span> <span class='ocrx_word' id='word_1_132' title='bbox 391 1688 489 1747; x_wconf 93' lang='lat' dir='ltr'><strong>minor</strong></span> <span class='ocrx_word' id='word_1_133' title='bbox 503 1686 622 1765; x_wconf 90' lang='lat' dir='ltr'><strong>dicitur,</strong></span> <span class='ocrx_word' id='word_1_134' title='bbox 642 1686 713 1746; x_wconf 90' lang='lat' dir='ltr'><strong>lacit</strong></span> <span class='ocrx_word' id='word_1_135' title='bbox 726 1685 763 1746; x_wconf 94' lang='lat' dir='ltr'><strong>ad</strong></span> <span class='ocrx_word' id='word_1_136' title='bbox 778 1688 885 1766; x_wconf 91' lang='lat' dir='ltr'><strong>omnia,</strong></span> <span class='ocrx_word' id='word_1_137' title='bbox 904 1703 979 1765; x_wconf 92' lang='lat' dir='ltr'><strong>quae</strong></span> <span class='ocrx_word' id='word_1_138' title='bbox 994 1701 1084 1763; x_wconf 91' lang='lat' dir='ltr'><strong>supra</strong></span> <span class='ocrx_word' id='word_1_139' title='bbox 1099 1685 1216 1764; x_wconf 80' lang='lat' dir='ltr'><strong>scripta</strong></span> 
     </span>
     <span class='ocr_line' id='line_1_18' title="bbox 197 1773 1215 1854; baseline -0.001 -20"><span class='ocrx_word' id='word_1_140' title='bbox 197 1781 275 1854; x_wconf 83' lang='lat' dir='ltr'><strong>sunt,</strong></span> <span class='ocrx_word' id='word_1_141' title='bbox 299 1774 458 1836; x_wconf 90' lang='lat' dir='ltr'><strong>coniicitur</strong></span> <span class='ocrx_word' id='word_1_142' title='bbox 481 1776 538 1836; x_wconf 90' lang='lat' dir='ltr'><strong>sic:</strong></span> <span class='ocrx_word' id='word_1_143' title='bbox 563 1773 736 1835; x_wconf 89' lang='lat' dir='ltr'><strong>Soamoniae</strong></span> <span class='ocrx_word' id='word_1_144' title='bbox 759 1774 875 1835; x_wconf 88' lang='lat' dir='ltr'><strong>denarii</strong></span> <span class='ocrx_word' id='word_1_145' title='bbox 898 1775 1046 1834; x_wconf 89' lang='lat' dir='ltr'><strong>victoriati</strong></span> <span class='ocrx_word' id='word_1_146' title='bbox 1068 1773 1215 1851; x_wconf 87' lang='lat' dir='ltr'><strong>ponderis</strong></span> 
     </span>
     <span class='ocr_line' id='line_1_19' title="bbox 195 1861 1215 1945; baseline 0.001 -24"><span class='ocrx_word' id='word_1_147' title='bbox 195 1870 311 1942; x_wconf 89' lang='lat' dir='ltr'><strong>partem</strong></span> <span class='ocrx_word' id='word_1_148' title='bbox 338 1880 441 1945; x_wconf 91' lang='lat' dir='ltr'><strong>unam,</strong></span> <span class='ocrx_word' id='word_1_149' title='bbox 468 1865 578 1925; x_wconf 91' lang='lat' dir='ltr'><strong>veratri</strong></span> <span class='ocrx_word' id='word_1_150' title='bbox 605 1865 684 1942; x_wconf 88' lang='lat' dir='ltr'><strong>nigri</strong></span> <span class='ocrx_word' id='word_1_151' title='bbox 707 1861 732 1923; x_wconf 85' lang='lat' dir='ltr'><strong>il</strong></span> <span class='ocrx_word' id='word_1_152' title='bbox 755 1862 781 1943; x_wconf 91' lang='lat' dir='ltr'><strong>l,</strong></span> <span class='ocrx_word' id='word_1_153' title='bbox 810 1864 930 1941; x_wconf 92' lang='lat' dir='ltr'><strong>panacis</strong></span> <span class='ocrx_word' id='word_1_154' title='bbox 954 1862 1032 1942; x_wconf 66' lang='grc' dir='ltr'><strong>ΞΒ,</strong></span> <span class='ocrx_word' id='word_1_155' title='bbox 1059 1880 1096 1922; x_wconf 87' lang='lat' dir='ltr'><strong>ex</strong></span> <span class='ocrx_word' id='word_1_156' title='bbox 1123 1861 1215 1922; x_wconf 89' lang='lat' dir='ltr'><strong>melle</strong></span> 
     </span>
     <span class='ocr_line' id='line_1_20' title="bbox 196 1950 1214 2033; baseline 0 -23"><span class='ocrx_word' id='word_1_157' title='bbox 196 1959 436 2029; x_wconf 87' lang='lat' dir='ltr'><strong>consparguntur</strong></span> <span class='ocrx_word' id='word_1_158' title='bbox 459 1951 533 2012; x_wconf 93' lang='lat' dir='ltr'><strong>baec</strong></span> <span class='ocrx_word' id='word_1_159' title='bbox 557 1954 639 2033; x_wconf 71' lang='lat' dir='ltr'><strong>trita,</strong></span> <span class='ocrx_word' id='word_1_160' title='bbox 663 1951 750 2013; x_wconf 89' lang='lat' dir='ltr'><strong>datur</strong></span> <span class='ocrx_word' id='word_1_161' title='bbox 769 1969 806 2012; x_wconf 86' lang='lat' dir='ltr'><strong>ex</strong></span> <span class='ocrx_word' id='word_1_162' title='bbox 825 1951 873 2012; x_wconf 85' lang='lat' dir='ltr'><strong>his</strong></span> <span class='ocrx_word' id='word_1_163' title='bbox 893 1959 1036 2031; x_wconf 89' lang='lat' dir='ltr'><strong>quantum</strong></span> <span class='ocrx_word' id='word_1_164' title='bbox 1054 1969 1116 2012; x_wconf 83' lang='lat' dir='ltr'><strong>nux</strong></span> <span class='ocrx_word' id='word_1_165' title='bbox 1134 1950 1214 2011; x_wconf 92' lang='lat' dir='ltr'><strong>avel-</strong></span> 
     </span>
     <span class='ocr_line' id='line_1_21' title="bbox 196 2028 1300 2122; baseline 0.001 -24"><span class='ocrx_word' id='word_1_166' title='bbox 196 2037 261 2098; x_wconf 93' lang='lat' dir='ltr'><strong>lana</strong></span> <span class='ocrx_word' id='word_1_167' title='bbox 285 2047 331 2100; x_wconf 90' lang='lat' dir='ltr'><strong>est</strong></span> <span class='ocrx_word' id='word_1_168' title='bbox 354 2057 389 2099; x_wconf 87' lang='lat' dir='ltr'><strong>ex</strong></span> <span class='ocrx_word' id='word_1_169' title='bbox 408 2058 501 2118; x_wconf 91' lang='lat' dir='ltr'><strong>aquae</strong></span> <span class='ocrx_word' id='word_1_170' title='bbox 519 2041 633 2102; x_wconf 90' lang='lat' dir='ltr'><strong>mulsae</strong></span> <span class='ocrx_word' id='word_1_171' title='bbox 652 2040 766 2120; x_wconf 89' lang='lat' dir='ltr'><strong>cyathis</strong></span> <span class='ocrx_word' id='word_1_172' title='bbox 785 2048 935 2122; x_wconf 83' lang='lat' dir='ltr'><strong>quattuor,</strong></span> <span class='ocrx_word' id='word_1_173' title='bbox 958 2039 1069 2119; x_wconf 92' lang='lat' dir='ltr'><strong>globuli</strong></span> <span class='ocrx_word' id='word_1_174' title='bbox 1089 2057 1257 2118; x_wconf 69' lang='lat' dir='ltr'><strong>quoquere</strong></span> <span class='ocrx_word' id='word_1_175' title='bbox 1299 2028 1300 2119; x_wconf 76' lang='lat' dir='ltr'><strong>l</strong></span> 
     </span>
     <span class='ocr_line' id='line_1_22' title="bbox 197 2122 1300 2206; baseline 0.002 -20"><span class='ocrx_word' id='word_1_176' title='bbox 197 2144 287 2206; x_wconf 90' lang='lat' dir='ltr'><strong>supra</strong></span> <span class='ocrx_word' id='word_1_177' title='bbox 315 2127 394 2187; x_wconf 90' lang='lat' dir='ltr'><strong>dicta</strong></span> <span class='ocrx_word' id='word_1_178' title='bbox 420 2129 623 2206; x_wconf 86' lang='lat' dir='ltr'><strong>magnitudine</strong></span> <span class='ocrx_word' id='word_1_179' title='bbox 653 2131 727 2190; x_wconf 90' lang='lat' dir='ltr'><strong>sicci</strong></span> <span class='ocrx_word' id='word_1_180' title='bbox 757 2128 794 2189; x_wconf 90' lang='lat' dir='ltr'><strong>de</strong></span> <span class='ocrx_word' id='word_1_181' title='bbox 821 2129 878 2190; x_wconf 93' lang='lat' dir='ltr'><strong>hoc</strong></span> <span class='ocrx_word' id='word_1_182' title='bbox 904 2129 1121 2192; x_wconf 91' lang='lat' dir='ltr'><strong>medicamento</strong></span> <span class='ocrx_word' id='word_1_183' title='bbox 1153 2127 1215 2189; x_wconf 92' lang='lat' dir='ltr'><strong>duo</strong></span> <span class='ocrx_word' id='word_1_184' title='bbox 1299 2122 1300 2149; x_wconf 74' lang='lat'>³</span> 
     </span>
     <span class='ocr_line' id='line_1_23' title="bbox 196 2215 989 2297; baseline 0.004 -22"><span class='ocrx_word' id='word_1_185' title='bbox 196 2222 294 2275; x_wconf 89' lang='lat' dir='ltr'><strong>tresve</strong></span> <span class='ocrx_word' id='word_1_186' title='bbox 318 2215 426 2275; x_wconf 88' lang='lat' dir='ltr'><strong>dantur</strong></span> <span class='ocrx_word' id='word_1_187' title='bbox 448 2217 548 2278; x_wconf 90' lang='lat' dir='ltr'><strong>ieiuno</strong></span> <span class='ocrx_word' id='word_1_188' title='bbox 572 2218 618 2279; x_wconf 93' lang='lat' dir='ltr'><strong>vel</strong></span> <span class='ocrx_word' id='word_1_189' title='bbox 640 2226 709 2297; x_wconf 92' lang='lat' dir='ltr'><strong>post</strong></span> <span class='ocrx_word' id='word_1_190' title='bbox 731 2235 834 2279; x_wconf 90' lang='lat' dir='ltr'><strong>cenam</strong></span> <span class='ocrx_word' id='word_1_191' title='bbox 858 2217 989 2279; x_wconf 87' lang='lat' dir='ltr'><strong>vorandi.</strong></span> 
     </span>
    </p>

    <p class='ocr_par' dir='ltr' id='par_1_5' title="bbox 143 2303 1214 2384">
     <span class='ocr_line' id='line_1_24' title="bbox 143 2303 1214 2384; baseline -0.004 -14"><span class='ocrx_word' id='word_1_192' title='bbox 143 2321 177 2370; x_wconf 79' lang='lat'><strong>29</strong></span> <span class='ocrx_word' id='word_1_193' title='bbox 285 2303 438 2366; x_wconf 88' lang='lat' dir='ltr'><strong>Turundis</strong></span> <span class='ocrx_word' id='word_1_194' title='bbox 457 2305 493 2366; x_wconf 90' lang='lat' dir='ltr'><strong>ad</strong></span> <span class='ocrx_word' id='word_1_195' title='bbox 512 2305 687 2368; x_wconf 90' lang='lat' dir='ltr'><strong>solvendum</strong></span> <span class='ocrx_word' id='word_1_196' title='bbox 706 2314 840 2368; x_wconf 89' lang='lat' dir='ltr'><strong>ventrem</strong></span> <span class='ocrx_word' id='word_1_197' title='bbox 859 2309 904 2367; x_wconf 90' lang='lat' dir='ltr'><strong>uti</strong></span> <span class='ocrx_word' id='word_1_198' title='bbox 918 2313 1036 2384; x_wconf 89' lang='lat' dir='ltr'><strong>oportet</strong></span> <span class='ocrx_word' id='word_1_199' title='bbox 1049 2305 1214 2366; x_wconf 89' lang='lat' dir='ltr'><strong>eiusmodi:</strong></span> 
     </span>
    </p>

    <p class='ocr_par' dir='ltr' id='par_1_6' title="bbox 196 2393 1258 2654">
     <span class='ocr_line' id='line_1_25' title="bbox 196 2393 1215 2478; baseline 0.001 -25"><span class='ocrx_word' id='word_1_200' title='bbox 196 2393 261 2454; x_wconf 85' lang='lat' dir='ltr'><strong>Fici</strong></span> <span class='ocrx_word' id='word_1_201' title='bbox 287 2393 395 2475; x_wconf 92' lang='lat' dir='ltr'><strong>aridae,</strong></span> <span class='ocrx_word' id='word_1_202' title='bbox 418 2394 508 2477; x_wconf 91' lang='lat' dir='ltr'><strong>pulei,</strong></span> <span class='ocrx_word' id='word_1_203' title='bbox 536 2395 675 2478; x_wconf 87' lang='lat' dir='ltr'><strong>absinthi,</strong></span> <span class='ocrx_word' id='word_1_204' title='bbox 698 2395 786 2477; x_wconf 90' lang='lat' dir='ltr'><strong>aloes,</strong></span> <span class='ocrx_word' id='word_1_205' title='bbox 809 2397 890 2475; x_wconf 91' lang='lat' dir='ltr'><strong>nitri,</strong></span> <span class='ocrx_word' id='word_1_206' title='bbox 913 2394 990 2455; x_wconf 89' lang='lat' dir='ltr'><strong>iellis</strong></span> <span class='ocrx_word' id='word_1_207' title='bbox 1013 2395 1126 2455; x_wconf 81' lang='lat' dir='ltr'><strong>taurini</strong></span> <span class='ocrx_word' id='word_1_208' title='bbox 1147 2411 1215 2454; x_wconf 88' lang='lat' dir='ltr'><strong>arc·</strong></span> 
     </span>
     <span class='ocr_line' id='line_1_26' title="bbox 198 2481 1258 2566; baseline 0 -24"><span class='ocrx_word' id='word_1_209' title='bbox 198 2482 269 2543; x_wconf 87' lang='lat' dir='ltr'><strong>lacti</strong></span> <span class='ocrx_word' id='word_1_210' title='bbox 292 2501 328 2544; x_wconf 88' lang='lat' dir='ltr'><strong>ex</strong></span> <span class='ocrx_word' id='word_1_211' title='bbox 350 2485 494 2546; x_wconf 87' lang='lat' dir='ltr'><strong>interiore</strong></span> <span class='ocrx_word' id='word_1_212' title='bbox 516 2491 610 2566; x_wconf 87' lang='lat' dir='ltr'><strong>parte,</strong></span> <span class='ocrx_word' id='word_1_213' title='bbox 635 2485 743 2546; x_wconf 92' lang='lat' dir='ltr'><strong>horum</strong></span> <span class='ocrx_word' id='word_1_214' title='bbox 766 2487 848 2565; x_wconf 89' lang='lat' dir='ltr'><strong>paria</strong></span> <span class='ocrx_word' id='word_1_215' title='bbox 870 2483 1002 2564; x_wconf 89' lang='lat' dir='ltr'><strong>pondera</strong></span> <span class='ocrx_word' id='word_1_216' title='bbox 1024 2482 1111 2544; x_wconf 91' lang='lat' dir='ltr'><strong>melle</strong></span> <span class='ocrx_word' id='word_1_217' title='bbox 1134 2481 1214 2543; x_wconf 92' lang='lat' dir='ltr'><strong>bene</strong></span> <span class='ocrx_word' id='word_1_218' title='bbox 1228 2501 1258 2542; x_wconf 69' lang='grc' dir='ltr'><strong>ιε</strong></span> 
     </span>
     <span class='ocr_line' id='line_1_27' title="bbox 198 2571 1215 2654; baseline 0.001 -22"><span class='ocrx_word' id='word_1_219' title='bbox 198 2580 338 2650; x_wconf 90' lang='lat' dir='ltr'><strong>percocto</strong></span> <span class='ocrx_word' id='word_1_220' title='bbox 366 2571 466 2652; x_wconf 89' lang='lat' dir='ltr'><strong>colligi</strong></span> <span class='ocrx_word' id='word_1_221' title='bbox 493 2580 611 2653; x_wconf 85' lang='lat' dir='ltr'><strong>oportet</strong></span> <span class='ocrx_word' id='word_1_222' title='bbox 633 2581 665 2634; x_wconf 92' lang='lat' dir='ltr'><strong>et</strong></span> <span class='ocrx_word' id='word_1_223' title='bbox 686 2574 760 2652; x_wconf 88' lang='lat' dir='ltr'><strong>fingi</strong></span> <span class='ocrx_word' id='word_1_224' title='bbox 782 2573 942 2654; x_wconf 90' lang='lat' dir='ltr'><strong>turundos,</strong></span> <span class='ocrx_word' id='word_1_225' title='bbox 970 2574 1024 2652; x_wconf 88' lang='lat' dir='ltr'><strong>qui</strong></span> <span class='ocrx_word' id='word_1_226' title='bbox 1044 2589 1099 2652; x_wconf 90' lang='lat' dir='ltr'><strong>per</strong></span> <span class='ocrx_word' id='word_1_227' title='bbox 1122 2589 1215 2633; x_wconf 91' lang='lat' dir='ltr'><strong>anum</strong></span> 
     </span>
    </p>

    <p class='ocr_par' dir='ltr' id='par_1_7' title="bbox 144 2659 1257 3183">
     <span class='ocr_line' id='line_1_28' title="bbox 144 2659 1215 2726; baseline -0.005 0"><span class='ocrx_word' id='word_1_228' title='bbox 144 2677 178 2726; x_wconf 86' lang='lat'><strong>30</strong></span> <span class='ocrx_word' id='word_1_229' title='bbox 197 2662 393 2722; x_wconf 88' lang='lat' dir='ltr'><strong>inmittantur.</strong></span> <span class='ocrx_word' id='word_1_230' title='bbox 421 2660 495 2722; x_wconf 92' lang='lat' dir='ltr'><strong>Item</strong></span> <span class='ocrx_word' id='word_1_231' title='bbox 514 2661 638 2724; x_wconf 91' lang='lat' dir='ltr'><strong>turundi</strong></span> <span class='ocrx_word' id='word_1_232' title='bbox 652 2661 690 2722; x_wconf 91' lang='lat' dir='ltr'><strong>ad</strong></span> <span class='ocrx_word' id='word_1_233' title='bbox 704 2668 838 2722; x_wconf 89' lang='lat' dir='ltr'><strong>ventrem</strong></span> <span class='ocrx_word' id='word_1_234' title='bbox 851 2660 1010 2723; x_wconf 87' lang='lat' dir='ltr'><strong>laxandum</strong></span> <span class='ocrx_word' id='word_1_235' title='bbox 1023 2663 1080 2722; x_wconf 88' lang='lat' dir='ltr'><strong>sic:</strong></span> <span class='ocrx_word' id='word_1_236' title='bbox 1099 2659 1215 2722; x_wconf 87' lang='lat' dir='ltr'><strong>Cucur-</strong></span> 
     </span>
     <span class='ocr_line' id='line_1_29' title="bbox 196 2747 1215 2831; baseline 0.002 -23"><span class='ocrx_word' id='word_1_237' title='bbox 196 2747 276 2809; x_wconf 89' lang='lat' dir='ltr'><strong>bitae</strong></span> <span class='ocrx_word' id='word_1_238' title='bbox 299 2747 448 2811; x_wconf 89' lang='lat' dir='ltr'><strong>silvaticae</strong></span> <span class='ocrx_word' id='word_1_239' title='bbox 472 2750 634 2812; x_wconf 86' lang='lat' dir='ltr'><strong>floccorum</strong></span> <span class='ocrx_word' id='word_1_240' title='bbox 657 2751 836 2811; x_wconf 89' lang='lat' dir='ltr'><strong>interiorum</strong></span> <span class='ocrx_word' id='word_1_241' title='bbox 855 2748 881 2810; x_wconf 80' lang='lat' dir='ltr'><strong>li</strong></span> <span class='ocrx_word' id='word_1_242' title='bbox 900 2749 932 2831; x_wconf 91' lang='lat' dir='ltr'><strong>V,</strong></span> <span class='ocrx_word' id='word_1_243' title='bbox 955 2751 1029 2811; x_wconf 92' lang='lat' dir='ltr'><strong>nitri</strong></span> <span class='ocrx_word' id='word_1_244' title='bbox 1051 2751 1132 2828; x_wconf 89' lang='lat' dir='ltr'><strong>nigri</strong></span> <span class='ocrx_word' id='word_1_245' title='bbox 1151 2751 1215 2810; x_wconf 90' lang='lat' dir='ltr'><strong>usti</strong></span> 
     </span>
     <span class='ocr_line' id='line_1_30' title="bbox 197 2835 1214 2919; baseline 0.003 -24"><span class='ocrx_word' id='word_1_246' title='bbox 197 2835 223 2895; x_wconf 78' lang='lat' dir='ltr'><strong>ll</strong></span> <span class='ocrx_word' id='word_1_247' title='bbox 245 2835 278 2917; x_wconf 89' lang='lat' dir='ltr'><strong>V,</strong></span> <span class='ocrx_word' id='word_1_248' title='bbox 301 2838 352 2898; x_wconf 89' lang='lat' dir='ltr'><strong>fici</strong></span> <span class='ocrx_word' id='word_1_249' title='bbox 373 2840 492 2918; x_wconf 91' lang='lat' dir='ltr'><strong>pinguis</strong></span> <span class='ocrx_word' id='word_1_250' title='bbox 521 2839 628 2919; x_wconf 91' lang='lat' dir='ltr'><strong>pulpae</strong></span> <span class='ocrx_word' id='word_1_251' title='bbox 651 2838 678 2900; x_wconf 72' lang='grc' dir='ltr'>Χ</span> <span class='ocrx_word' id='word_1_252' title='bbox 700 2838 768 2919; x_wconf 92' lang='lat' dir='ltr'><strong>llll,</strong></span> <span class='ocrx_word' id='word_1_253' title='bbox 796 2838 908 2900; x_wconf 88' lang='lat' dir='ltr'><strong>mulsae</strong></span> <span class='ocrx_word' id='word_1_254' title='bbox 937 2838 969 2901; x_wconf 88' lang='lat' dir='ltr'><strong>P.</strong></span> <span class='ocrx_word' id='word_1_255' title='bbox 995 2838 1018 2899; x_wconf 87' lang='grc' dir='ltr'><strong>Ι.</strong></span> <span class='ocrx_word' id='word_1_256' title='bbox 1059 2838 1214 2899; x_wconf 78' lang='lat' dir='ltr'><strong>cocuntur</strong></span> 
     </span>
     <span class='ocr_line' id='line_1_31' title="bbox 197 2923 1257 3007; baseline 0.001 -23"><span class='ocrx_word' id='word_1_257' title='bbox 197 2923 271 2985; x_wconf 92' lang='lat' dir='ltr'><strong>haec</strong></span> <span class='ocrx_word' id='word_1_258' title='bbox 298 2928 397 2988; x_wconf 88' lang='lat' dir='ltr'><strong>omnia</strong></span> <span class='ocrx_word' id='word_1_259' title='bbox 425 2945 461 2988; x_wconf 88' lang='lat' dir='ltr'><strong>ex</strong></span> <span class='ocrx_word' id='word_1_260' title='bbox 488 2927 584 2990; x_wconf 88' lang='lat' dir='ltr'><strong>mulso</strong></span> <span class='ocrx_word' id='word_1_261' title='bbox 613 2926 772 3007; x_wconf 88' lang='lat' dir='ltr'><strong>diligenter</strong></span> <span class='ocrx_word' id='word_1_262' title='bbox 799 2935 829 2988; x_wconf 89' lang='lat' dir='ltr'><strong>ct</strong></span> <span class='ocrx_word' id='word_1_263' title='bbox 854 2935 958 3006; x_wconf 89' lang='lat' dir='ltr'><strong>postea</strong></span> <span class='ocrx_word' id='word_1_264' title='bbox 980 2927 1057 2988; x_wconf 83' lang='lat' dir='ltr'><strong>fiunt</strong></span> <span class='ocrx_word' id='word_1_265' title='bbox 1078 2927 1214 3007; x_wconf 89' lang='lat' dir='ltr'><strong>turundi,</strong></span> <span class='ocrx_word' id='word_1_266' title='bbox 1228 2944 1257 2984; x_wconf 80' lang='lat' dir='ltr'><strong>vo</strong></span> 
     </span>
     <span class='ocr_line' id='line_1_32' title="bbox 198 3012 1215 3098; baseline 0.003 -26"><span class='ocrx_word' id='word_1_267' title='bbox 198 3012 307 3092; x_wconf 90' lang='lat' dir='ltr'><strong>quibus</strong></span> <span class='ocrx_word' id='word_1_268' title='bbox 331 3022 360 3075; x_wconf 89' lang='lat' dir='ltr'><strong>et</strong></span> <span class='ocrx_word' id='word_1_269' title='bbox 383 3014 513 3076; x_wconf 91' lang='lat' dir='ltr'><strong>absinthi</strong></span> <span class='ocrx_word' id='word_1_270' title='bbox 535 3017 645 3096; x_wconf 91' lang='lat' dir='ltr'><strong>aliquid</strong></span> <span class='ocrx_word' id='word_1_271' title='bbox 670 3017 858 3098; x_wconf 88' lang='lat' dir='ltr'><strong>admiscetur,</strong></span> <span class='ocrx_word' id='word_1_272' title='bbox 881 3024 972 3096; x_wconf 88' lang='lat' dir='ltr'><strong>atque</strong></span> <span class='ocrx_word' id='word_1_273' title='bbox 995 3017 1045 3097; x_wconf 82' lang='lat' dir='ltr'><strong>ita,</strong></span> <span class='ocrx_word' id='word_1_274' title='bbox 1068 3023 1215 3094; x_wconf 90' lang='lat' dir='ltr'><strong>utsupra</strong></span> 
     </span>
     <span class='ocr_line' id='line_1_33' title="bbox 198 3102 665 3183; baseline 0.009 -20"><span class='ocrx_word' id='word_1_275' title='bbox 198 3102 312 3164; x_wconf 90' lang='lat' dir='ltr'><strong>dictum</strong></span> <span class='ocrx_word' id='word_1_276' title='bbox 334 3110 388 3183; x_wconf 90' lang='lat' dir='ltr'><strong>est,</strong></span> <span class='ocrx_word' id='word_1_277' title='bbox 412 3121 468 3164; x_wconf 91' lang='lat' dir='ltr'><strong>ano</strong></span> <span class='ocrx_word' id='word_1_278' title='bbox 490 3106 665 3167; x_wconf 91' lang='lat' dir='ltr'><strong>iniciuntur.</strong></span> 
     </span>
    </p>

    <p class='ocr_par' dir='ltr' id='par_1_8' title="bbox 144 3191 1215 3362">
     <span class='ocr_line' id='line_1_34' title="bbox 144 3191 1215 3275; baseline -0.002 -19"><span class='ocrx_word' id='word_1_279' title='bbox 144 3208 178 3256; x_wconf 86' lang='lat'><strong>31</strong></span> <span class='ocrx_word' id='word_1_280' title='bbox 286 3191 402 3253; x_wconf 87' lang='lat' dir='ltr'><strong>Herbae</strong></span> <span class='ocrx_word' id='word_1_281' title='bbox 425 3192 616 3273; x_wconf 89' lang='lat' dir='ltr'><strong>peduclariae</strong></span> <span class='ocrx_word' id='word_1_282' title='bbox 645 3193 764 3274; x_wconf 68' lang='lat' dir='ltr'><strong>xliii,</strong></span> <span class='ocrx_word' id='word_1_283' title='bbox 791 3194 903 3254; x_wconf 89' lang='lat' dir='ltr'><strong>iarinae</strong></span> <span class='ocrx_word' id='word_1_284' title='bbox 932 3211 969 3254; x_wconf 83' lang='lat' dir='ltr'><strong>ex</strong></span> <span class='ocrx_word' id='word_1_285' title='bbox 998 3192 1068 3255; x_wconf 93' lang='lat' dir='ltr'><strong>lolio</strong></span> <span class='ocrx_word' id='word_1_286' title='bbox 1095 3192 1123 3254; x_wconf 68' lang='lat' dir='ltr'>X</span> <span class='ocrx_word' id='word_1_287' title='bbox 1149 3192 1215 3275; x_wconf 91' lang='lat' dir='ltr'><strong>llll,</strong></span> 
     </span>
     <span class='ocr_line' id='line_1_35' title="bbox 199 3280 1215 3362; baseline 0.002 -22"><span class='ocrx_word' id='word_1_288' title='bbox 199 3298 267 3341; x_wconf 91' lang='lat' dir='ltr'><strong>cum</strong></span> <span class='ocrx_word' id='word_1_289' title='bbox 286 3280 353 3342; x_wconf 88' lang='lat' dir='ltr'><strong>ielle</strong></span> <span class='ocrx_word' id='word_1_290' title='bbox 372 3284 490 3343; x_wconf 93' lang='lat' dir='ltr'><strong>taurino</strong></span> <span class='ocrx_word' id='word_1_291' title='bbox 508 3281 621 3361; x_wconf 90' lang='lat' dir='ltr'><strong>liquido</strong></span> <span class='ocrx_word' id='word_1_292' title='bbox 641 3291 672 3344; x_wconf 89' lang='lat' dir='ltr'><strong>et</strong></span> <span class='ocrx_word' id='word_1_293' title='bbox 690 3282 775 3344; x_wconf 92' lang='lat' dir='ltr'><strong>melle</strong></span> <span class='ocrx_word' id='word_1_294' title='bbox 794 3289 935 3362; x_wconf 89' lang='lat' dir='ltr'><strong>percocto</strong></span> <span class='ocrx_word' id='word_1_295' title='bbox 950 3283 1118 3344; x_wconf 87' lang='lat' dir='ltr'><strong>miscentur</strong></span> <span class='ocrx_word' id='word_1_296' title='bbox 1131 3285 1215 3362; x_wconf 90' lang='lat' dir='ltr'><strong>paria</strong></span> 
     </span>
    </p>
   </div>
   <div class='ocr_carea' id='block_1_3' title="bbox 197 3416 1213 3629">
    <p class='ocr_par' dir='ltr' id='par_1_9' title="bbox 197 3416 1213 3629">
     <span class='ocr_line' id='line_1_36' title="bbox 288 3416 1213 3489; baseline 0 -18"><span class='ocrx_word' id='word_1_297' title='bbox 288 3416 451 3488; x_wconf 79' lang='lat' dir='ltr'><strong>lgrebicm.</strong></span> <span class='ocrx_word' id='word_1_298' title='bbox 507 3418 698 3489; x_wconf 73' lang='lat' dir='ltr'><strong>dehereeiae]</strong></span> <span class='ocrx_word' id='word_1_299' title='bbox 714 3417 828 3474; x_wconf 77' lang='lat' dir='ltr'><strong>concini.</strong></span> <span class='ocrx_word' id='word_1_300' title='bbox 883 3417 1038 3474; x_wconf 79' lang='lat' dir='ltr'><strong>luctoridis.</strong></span> <span class='ocrx_word' id='word_1_301' title='bbox 1089 3417 1213 3489; x_wconf 63' lang='lat' dir='ltr'><strong>coloes]</strong></span> 
     </span>
     <span class='ocr_line' id='line_1_37' title="bbox 197 3484 1213 3558; baseline 0.005 -21"><span class='ocrx_word' id='word_1_302' title='bbox 197 3484 310 3541; x_wconf 83' lang='lat' dir='ltr'><strong>thallos.</strong></span> <span class='ocrx_word' id='word_1_303' title='bbox 356 3493 390 3542; x_wconf 90' lang='lat'><strong>10</strong></span> <span class='ocrx_word' id='word_1_304' title='bbox 409 3488 513 3543; x_wconf 84' lang='lat' dir='ltr'><strong>scoeni.</strong></span> <span class='ocrx_word' id='word_1_305' title='bbox 559 3493 592 3542; x_wconf 82' lang='lat'><strong>15</strong></span> <span class='ocrx_word' id='word_1_306' title='bbox 611 3488 790 3545; x_wconf 80' lang='lat' dir='ltr'><strong>Cosm0s1m</strong></span> <span class='ocrx_word' id='word_1_307' title='bbox 811 3490 926 3546; x_wconf 75' lang='lat' dir='ltr'><strong>Cosmus</strong></span> <span class='ocrx_word' id='word_1_308' title='bbox 939 3493 998 3547; x_wconf 63' lang='lat' dir='ltr'><strong>dm.</strong></span> <span class='ocrx_word' id='word_1_309' title='bbox 1041 3494 1074 3544; x_wconf 73' lang='lat' dir='ltr'><strong>tl</strong></span> <span class='ocrx_word' id='word_1_310' title='bbox 1093 3488 1213 3558; x_wconf 84' lang='lat' dir='ltr'><strong>pondus.</strong></span> 
     </span>
     <span class='ocr_line' id='line_1_38' title="bbox 200 3555 658 3629; baseline 0.013 -22"><span class='ocrx_word' id='word_1_311' title='bbox 200 3561 232 3608; x_wconf 81' lang='grc'><strong>19</strong></span> <span class='ocrx_word' id='word_1_312' title='bbox 252 3555 361 3614; x_wconf 84' lang='lat' dir='ltr'><strong>dantur.</strong></span> <span class='ocrx_word' id='word_1_313' title='bbox 435 3564 469 3614; x_wconf 77' lang='lat'><strong>26</strong></span> <span class='ocrx_word' id='word_1_314' title='bbox 488 3562 658 3629; x_wconf 85' lang='lat' dir='ltr'><strong>percoctum.</strong></span> 
     </span>
    </p>
   </div>
   <div class='ocr_carea' id='block_1_4' title="bbox 0 0 1312 4017">
    <p class='ocr_par' dir='ltr' id='par_1_10' title="bbox 0 0 1312 4017">
     <span class='ocr_line' id='line_1_39' title="bbox 0 0 1312 4017; baseline 0 0"><span class='ocrx_word' id='word_1_315' title='bbox 0 0 1312 4017; x_wconf 95' lang='lat' dir='ltr'><strong> </strong></span> 
     </span>
    </p>
   </div>
  </div>
 </body>
</html>
