2609 4017
581 175 826 241 -132-

163 357 178 406 1
197 345 259 403 riae
278 342 356 423 lacit,
375 339 587 401 reservandum
606 347 705 400 autem
725 348 771 399 est
788 338 895 418 pyxide
914 337 1018 399 buxea.
1048 338 1220 418 Arteriace,

198 450 256 511 qua
279 430 384 491 melior
407 447 467 490 non
490 436 545 510 est,
567 428 700 489 refertur
722 433 821 488 autem
844 429 876 487 in
899 426 1092 507 Asclepiaden
1115 427 1220 488 medi·

197 538 266 581 cum
290 521 448 598 cpIImum,
472 519 543 578 iacit
565 518 602 580 ad
625 519 725 578 omnia
748 517 886 596 superius
909 515 988 576 dicta
1010 523 1041 577 et
1063 516 1219 596 quidquid

196 611 229 669 in
247 609 365 668 arteriis
383 609 449 668 vitii
467 614 514 667 est
532 607 694 668 efficaciter
708 612 802 686 curat,
821 611 938 665 constat
955 623 992 665 er
1009 604 1070 665 his:
1093 603 1220 684 llyrrae

197 699 324 776 optimae
343 697 464 774 pinguis
487 694 646 775 ltxxlttl,
669 693 853 774 tragacantbi
877 694 994 754 candidi
1013 693 1247 774 xxxxvssts

196 784 397 864 glycyrrhizae
419 785 529 844 radicis
553 782 702 863 xxviii,
730 785 847 843 resinae
875 782 1093 844 terebinthinae
1123 801 1218 844 verae

198 873 225 935 li
243 871 371 935 XXXVI.
400 872 637 952 Tragacantbum
656 875 734 933 sicut
753 881 799 932 est
817 870 960 932 contundi
979 880 1010 932 et
1027 871 1219 950 percribrari

197 964 282 1022 tenui
300 962 445 1022 foramine
465 968 591 1042 opertet,
611 961 719 1022 deiude
737 978 866 1040 myrram
884 962 986 1020 tritam
1005 979 1142 1021 seorsum
1163 961 1217 1020 ad-

196 1052 318 1112 misceri
340 1059 371 1112 et
393 1068 500 1112 rursus
523 1059 651 1130 utraque
674 1052 706 1110 in
731 1066 823 1109 unum
847 1049 898 1109 diu
921 1051 978 1110 teri
1001 1059 1090 1129 atque
1112 1052 1157 1110 ita
1179 1052 1216 1110 in

159 1179 163 1184 2
196 1140 285 1218 pilam
314 1141 390 1200 coici
422 1146 452 1200 et
486 1138 529 1199 ibi
563 1157 632 1200 cum
665 1137 869 1200 concaluerint
901 1139 1000 1198 omnia
1036 1140 1099 1199 ictu
1131 1137 1216 1218 pilae
1233 1160 1259 1198 10

196 1228 329 1308 assidue,
356 1228 587 1289 terebinthinam
619 1227 761 1306 paulatim
789 1229 922 1307 misceri,
955 1226 1048 1287 donec
1075 1229 1216 1288 omnium

196 1319 295 1377 unitas
322 1317 389 1398 fiat3
425 1325 528 1396 postea
560 1316 773 1396 glycyrrhizam
806 1322 960 1376 contusam
989 1325 1020 1376 et
1048 1315 1217 1377 cribratam

195 1407 396 1484 mortarioque
415 1405 508 1466 nihile
525 1409 625 1467 minus
644 1405 803 1484 diligenter
821 1406 923 1465 tritam
941 1406 1052 1465 sensim
1070 1405 1217 1484 adspergi

195 1497 343 1555 convenit.
379 1493 437 1555 Sed
457 1494 509 1555 ubi
527 1494 600 1555 baec
618 1494 695 1555 bene
714 1497 806 1555 mixta
824 1494 944 1574 luerint,
963 1492 1033 1554 dnm
1053 1493 1129 1554 calet
1148 1512 1216 1554 mc-

194 1582 403 1664 dicamentum,
422 1583 524 1662 plures
542 1583 685 1644 accedant
700 1591 731 1644 et
744 1581 850 1662 pilulas
864 1582 974 1643 iaciant
986 1584 1079 1643 viciae
1095 1585 1216 1662 magni·
1232 1603 1259 1644 15

194 1671 307 1733 tudine.
341 1671 390 1733 Fit
408 1674 487 1733 enim
507 1675 566 1732 cito
585 1672 744 1733 durissima
763 1671 836 1732 baec
855 1673 999 1732 arteriace
1017 1683 1048 1732 et
1065 1670 1122 1732 bec
1142 1674 1214 1752 ipso

192 1761 348 1840 praecedit
366 1769 490 1841 ceteras,
514 1764 583 1840 quia
600 1760 718 1840 linguae
737 1759 870 1821 subiecta
890 1778 950 1821 non
969 1759 1054 1820 laelle
1073 1760 1215 1842 solvitur,

194 1857 225 1909 et
247 1851 288 1910 ita
311 1849 424 1910 diutius
447 1849 568 1910 exbibet
591 1849 773 1910 salubritatis
797 1849 944 1910 effectum.

158 1949 175 1998 8
282 1937 437 1998 Brassicae
455 1937 565 1998 crudae
585 1937 688 1999 felium
707 1938 857 1999 levissime
875 1941 975 2019 teuto,
997 1956 1033 1997 ex
1050 1954 1085 1998 eo
1100 1955 1212 1998 sucum

159 2026 366 2107 eexprimito,
394 2043 453 2104 quo
482 2045 538 2086 uva
566 2034 702 2088 contacta
726 2035 865 2108 potenter
888 2025 1067 2087 sublevatur.
1112 2025 1213 2088 Pruni
1229 2049 1256 2087 ae

194 2112 263 2173 folia
286 2115 348 2174 sive
371 2115 458 2174 sativi
480 2133 534 2175 seu
558 2114 704 2176 silvestris
733 2134 769 2177 ex
792 2117 860 2176 vino
884 2115 1005 2176 decocta
1034 2123 1064 2175 et
1087 2117 1213 2194 saepius

142 2213 175 2262 10
194 2201 369 2280 gargalizata
392 2221 479 2263 uvam
498 2203 614 2264 resilire
634 2204 824 2284 compellunt.
862 2203 959 2264 Gallae
978 2206 1066 2264 trItae
1084 2203 1213 2283 pulvere

194 2308 250 2350 uva
273 2297 414 2363 contacta,
431 2292 534 2353 eodem
559 2292 607 2353 die
630 2294 740 2375 resilit,
769 2295 795 2354 si
817 2299 865 2353 ter
888 2295 916 2352 ei
938 2295 1102 2353 interiectis
1122 2292 1213 2354 horis

142 2390 173 2438 11
193 2378 377 2440 medicamen
406 2381 497 2442 fuerit
525 2381 703 2460 adpositum.
749 2381 860 2462 Capitis
884 2384 993 2442 summi
1015 2383 1157 2442 verticem
1183 2385 1213 2442 si

193 2468 261 2546 quis
286 2487 371 2529 uvam
396 2468 542 2531 laboranti
567 2471 702 2531 mordeat
724 2473 855 2551 inopino,
879 2472 959 2530 omni
978 2488 1046 2531 cum
1069 2469 1211 2531 molestia
1228 2491 1257 2532 ae

141 2568 174 2617 12
192 2556 338 2618 liberabit.
372 2558 407 2619 lu
425 2560 574 2638 principio
594 2559 705 2620 doloris
724 2577 780 2620 uva
800 2558 875 2620 bene
890 2558 1070 2640 sublevatur,
1089 2561 1115 2619 si
1129 2577 1212 2638 aqua

142 2657 174 2705 13
194 2645 299 2725 frigida
320 2646 365 2707 rel
383 2666 474 2725 posca
492 2648 615 2709 adsidue
633 2648 836 2727 gargalizetur.
869 2647 988 2709 Letium
1004 2656 1089 2709 vetus
1103 2647 1211 2708 buma-

193 2752 265 2794 num
289 2735 404 2796 adiecto
428 2754 516 2797 croco
539 2735 576 2796 ab
599 2738 695 2798 inscio
718 2755 756 2797 ne
780 2737 910 2797 fastidiat
932 2746 1053 2816 epotum
1076 2735 1122 2796 vel
1140 2755 1211 2815 gar·

192 2821 348 2900 galizatum
376 2825 485 2885 mirum
514 2827 545 2884 iu
573 2825 693 2886 medum
722 2843 809 2886 uvam
832 2827 968 2905 reprimit
996 2833 1026 2885 et
1049 2827 1210 2885 consumit.

140 2923 175 2971 14
194 2909 276 2970 (linis
302 2919 447 2971 testarum
475 2922 612 2973 ustarum
639 2932 675 2974 ex
699 2917 806 2974 ostreis
830 2932 898 2974 cum
923 2913 1008 2974 melle
1031 2915 1211 2974 tenuissIme
1227 2935 1256 2975 eo

141 3008 175 3059 15
195 3000 343 3059 contritus
366 3018 438 3060 uvae
462 3001 564 3061 inlitus
587 3001 719 3079 prodest.
755 3001 834 3063 Rubi
858 3002 975 3063 coliculi
994 3004 1093 3062 teneri
1111 3001 1211 3064 disce-

193 3096 327 3165 quuutur
350 3106 387 3148 ex
410 3089 476 3149 vino
498 3089 588 3169 idque
607 3092 708 3151 vinum
727 3089 931 3172 gargalizetur,
950 3090 1029 3170 qued
1048 3091 1211 3152 confestIm

266 3259 509 3331 trasemundum]
534 3261 701 3315 servandum
721 3260 880 3318 Cercetius.
953 3261 1113 3334 turbariis]
1133 3263 1211 3317 arte-

192 3327 235 3382 ria
250 3327 409 3384 Oormriue.
464 3331 548 3386 vitiis.
603 3333 812 3402 telyeyriizae.
867 3332 1018 3403 80portii.
1074 3338 1108 3386 10
1122 3333 1211 3390 iectu.

195 3404 227 3453 11
246 3399 460 3457 terebentinam.
547 3409 579 3458 12
598 3403 785 3473 gliceerizam.
869 3410 902 3458 16
920 3404 1015 3459 vitiae.
1099 3409 1133 3458 16
1153 3406 1211 3460 hoe

192 3485 243 3527 em.
317 3476 350 3526 1⁵1
368 3470 433 3527 fale.
497 3479 531 3527 20
549 3474 714 3543 exprimeto.
778 3479 811 3528 22
830 3474 952 3532 resilere.
1011 3479 1046 3529 25
1064 3473 1209 3532 liberauit

192 3545 227 3594 27
246 3540 411 3613 humanum]
430 3542 581 3599 hominum.

112 3704 205 3752 -s
