2609 4017
533 111 812 220 ‘-154-

187 316 294 377 deinde
317 335 448 397 crocum,
472 323 576 396 postea
599 316 757 398 altercum,
781 317 850 378 deIn
871 335 972 398 myrra
995 325 1025 378 et
1047 325 1109 398 tus3
1136 318 1208 395 qui-

186 405 244 467 bus
270 407 414 466 miscetur
441 407 543 484 opium
570 406 667 485 pridie
695 409 727 466 in
754 425 831 486 aqua
858 414 1040 467 maceratum
1069 413 1100 466 et
1130 404 1207 464 sub-

186 494 256 555 inde
279 512 371 573 aquae
395 496 534 572 extguum
558 494 699 576 adicitur,
730 494 824 556 donec
851 495 924 574 fingi
949 493 1059 573 pastilli
1081 495 1207 572 possint

186 583 223 644 ad
246 582 362 661 pondus
385 582 500 643 denarii
523 586 669 662 semissis,
697 583 767 644 licet
792 583 842 644 alii
864 585 952 644 tertia
975 583 1064 644 buius
1086 581 1206 660 ponde-

186 673 229 732 rIs
253 671 384 731 detracta
408 671 517 732 iaciant
538 670 681 750 pastillos.
727 671 840 733 Dantur
863 674 895 732 iu
919 681 1036 732 noctem
1059 689 1096 732 ex
1120 688 1235 749 aquas

186 758 300 839 cyathis
328 758 440 840 tribus,
468 777 606 821 somnum
633 760 762 842 lactant,
788 761 921 821 dolorem
943 777 1061 821 omnem
1084 759 1204 838 sedant,

186 856 221 909 ut
250 849 389 926 superins
416 847 486 909 dixi.
532 847 658 928 Oportet
685 857 783 910 autem
811 867 847 910 ex
875 867 910 908 eo
938 851 1027 910 etiam
1052 849 1205 928 catapotia

186 937 264 1018 fieri,
292 936 412 1016 quidam
438 938 519 998 enim
541 936 658 998 facilius
681 937 715 998 da
739 955 827 1016 quam
849 940 999 1016 potionem
1023 946 1148 998 sumunt
1169 945 1206 998 et

186 1043 247 1085 non
269 1025 395 1086 multum
418 1026 455 1086 ad
478 1024 657 1086 medendum
680 1028 814 1087 interest

151 1127 167 1176 2
276 1113 471 1194 Catapotium,
494 1113 524 1174 id
543 1122 589 1174 est
607 1114 864 1195 medicamentum,
887 1114 967 1194 quod
986 1132 1045 1175 non
1064 1113 1204 1191 diluitur,
1221 1135 1248 1173 ro

187 1202 240 1263 sed
263 1204 303 1263 ita
327 1213 361 1263 ut
383 1211 429 1264 est
451 1210 582 1282 voratur,
605 1202 641 1262 ad
665 1205 780 1283 tussim,
804 1222 871 1264 cum
892 1205 955 1264 sine
978 1202 1065 1264 modo
1085 1201 1204 1282 defluit,

186 1291 344 1351 conficitur
366 1293 423 1352 sic:
446 1289 534 1352 Croci
555 1289 647 1370 XIII,
671 1310 786 1372 myrrae
806 1291 882 1373 XII,
904 1293 954 1370 opi
973 1290 1034 1352 XI.
1067 1289 1203 1351 Contun-

186 1377 267 1438 ditm·
290 1397 413 1440 crocum
435 1381 548 1440 siccum
576 1388 607 1441 et
633 1379 796 1460 cribratur,
824 1390 966 1442 contusae
994 1387 1025 1440 et
1050 1378 1203 1440 cribratae

185 1485 302 1546 myrrae
330 1469 432 1546 opium
463 1469 645 1530 admiscetur
677 1487 754 1548 aqua
785 1471 890 1546 exigua
922 1468 1062 1548 dllutum3
1093 1475 1203 1545 postea

186 1555 313 1617 adicitur
336 1574 458 1618 crocum
482 1566 603 1618 etcum
626 1561 658 1617 in
681 1576 774 1618 unum
797 1559 893 1618 omnia
913 1555 989 1618 bene
1008 1558 1248 1634 mixtasunt,1⁵

185 1645 340 1724 finguntur
352 1649 416 1707 ervi
430 1646 642 1725 magnitudinis
656 1645 779 1727 pilulac3
794 1645 902 1707 dantur
916 1647 947 1705 in
961 1649 1080 1706 noctem
1093 1652 1203 1705 ternae

185 1733 232 1793 vel
259 1742 421 1814 quaternae
449 1743 479 1796 et
506 1737 532 1795 si
560 1737 657 1796 siccae
683 1753 744 1794 uon
771 1736 925 1813 potuerint
954 1735 1130 1812 transmittI,
1162 1750 1203 1792 ex

186 1840 262 1902 aqua
284 1822 377 1884 calida
401 1823 518 1884 modica
540 1823 691 1885 dabuntur
715 1831 745 1884 et
768 1821 976 1884 formabuntur
999 1841 1036 1882 ex
1058 1840 1145 1900 aqua.

149 1926 166 1974 3
275 1908 461 1988 Catapotium
487 1911 615 1972 alterum
642 1911 678 1972 ad
706 1913 812 1973 tussim
840 1911 952 1972 aridam
979 1912 1037 1972 sic:
1072 1910 1203 1989 llyrrac,

185 2000 308 2077 piperis,
330 2001 468 2080 castorei,
491 1999 621 2081 galbani,
644 2003 784 2082 storacis,
807 2001 883 2079 opii,
907 1998 1093 2079 singulorum
1114 1997 1201 2058 idem
1216 2014 1245 2053 so

185 2085 335 2164 ponderis.
371 2086 544 2149 Castorcum
568 2097 599 2149 et
620 2091 707 2168 piper
725 2088 953 2150 contunduntur
969 2097 999 2149 et
1017 2087 1202 2166 cribrantur,

186 2173 293 2235 deiude
320 2193 421 2255 myrra
448 2184 516 2237 ante
544 2178 673 2237 contrita
700 2179 808 2238 ceteris
835 2179 969 2238 contusis
998 2185 1028 2237 et
1058 2175 1201 2237 cribratis

185 2262 379 2346 admiscetur,
402 2264 455 2326 ubi
477 2267 610 2326 emulum
634 2267 732 2327 unitas
755 2267 832 2327 iacta
854 2273 909 2347 est,
933 2266 1099 2326 formantur
1120 2264 1201 2344 pliu-

185 2351 231 2411 lae
254 2370 289 2411 ex
312 2371 388 2432 aqua
406 2355 499 2415 viciae
520 2354 746 2436 magnitudinis3
770 2355 878 2436 dantur
896 2373 966 2415 cum
984 2353 1084 2414 caldae
1103 2371 1201 2433 aquae

185 2439 302 2502 modico
325 2449 428 2503 ternae
451 2443 497 2504 vel
522 2451 683 2523 quaternae
707 2445 738 2504 iu
761 2451 889 2523 noctem,
912 2443 965 2503 sed
988 2443 1121 2523 digestis.
1216 2458 1246 2499 rs

149 2544 167 2593 t
274 2531 361 2592 Aliud
385 2534 564 2611 catapotium
587 2533 624 2593 ad
647 2534 753 2593 tussim
778 2540 917 2612 veterem,
943 2531 1023 2611 quod
1046 2539 1077 2591 et
1100 2532 1200 2608 suspi-

185 2621 231 2680 rio
254 2628 285 2680 et
307 2621 398 2700 pthsi
420 2629 581 2700 temptatos
604 2629 634 2682 et
657 2621 787 2682 lienosos
809 2629 840 2682 et
857 2623 943 2682 iecur
960 2620 1068 2681 durum
1087 2618 1201 2680 haben-

184 2716 232 2769 tes
250 2718 342 2788 sanat,
361 2710 441 2770 idem
458 2710 640 2772 inflationem
659 2709 737 2772 tollit
755 2719 786 2770 et
802 2718 910 2788 purgat
928 2709 1083 2770 mulierem
1098 2710 1125 2768 si
1140 2725 1200 2786 qna

186 2816 222 2858 ex
244 2808 332 2876 partu
355 2798 475 2859 sordIda
498 2799 674 2878 resederint,
698 2799 855 2860 coniicitur
878 2801 935 2860 sic:
959 2797 1091 2858 Storacis
1110 2795 1200 2874 XVI,

186 2903 303 2964 myrrae
317 2885 343 2945 X
356 2885 383 2946 Il
398 2886 428 2967 S,
447 2888 627 2965 opopanacis
640 2887 667 2948 X
681 2885 713 2967 V,
728 2889 845 2947 resinae
860 2885 1078 2948 terebinthinae
1093 2883 1120 2945 X
1133 2883 1199 2964 llll,
1214 2901 1240 2940 eo

186 2973 290 3034 alterci
313 2976 436 3035 seminis
459 2974 531 3054 XI,
558 2977 613 3036 irus
635 2975 769 3055 Illyricae
794 2974 864 3055 XI,
893 2977 964 3036 nitri
987 2973 1058 3055 XI,
1084 2975 1201 3054 piperis

186 3061 244 3122 albi
267 3060 351 3142 XII,
379 3063 496 3142 galbani
518 3063 602 3145 XII,
630 3065 680 3142 opi
708 3063 773 3124 XI.
819 3062 903 3144 Irim,
931 3063 1089 3143 altercum,
1113 3065 1202 3141 piper

186 3151 370 3212 contundere
394 3161 423 3213 te
446 3159 565 3231 oportet
583 3160 614 3213 et
632 3152 775 3234 cribrare,
796 3154 910 3213 nitrum
928 3153 1071 3212 mortario
1090 3161 1201 3230 terere,

186 3247 293 3301 cetera.
312 3240 372 3318 pilo
400 3243 602 3301 comminuere
634 3249 665 3302 et
691 3249 795 3320 postea
823 3243 921 3302 omnia
952 3241 1135 3320 permiscere
1167 3258 1201 3300 ac

257 3379 292 3428 to
311 3374 456 3431 siorechis.
519 3380 553 3428 21
573 3375 717 3430 cribratur.
777 3381 812 3430 27
830 3375 1010 3446 temperatos.
1066 3374 1199 3430 llenosns.

185 3445 417 3570 3ωᾶῗέαὲ
434 3445 575 3500 Smbou:
592 3445 750 3501 muliorum.
810 3451 845 3500 30
863 3447 1059 3502 terebintinee.
1116 3451 1152 3501 tt
1171 3450 1201 3502 te
