2609 4017
501 206 715 270 „27-

94 369 226 429 castorei
246 366 311 428 xi
344 365 497 429 Teruntur
519 367 591 429 haee
611 371 709 429 omnia
729 387 797 430 cnm
818 377 902 431 aceto
921 378 952 430 et
969 371 1044 431 liunt
1061 390 1111 451 pa-

96 455 183 537 stilli3
217 474 286 517 cum
313 475 388 536 opus
417 464 476 536 est,
507 456 663 518 diluuntur
690 466 774 519 aceto
801 467 832 519 et
859 476 927 519 rosa
954 460 985 519 in
1015 458 1111 520 mellis

95 545 324 625 spissitudinem
347 556 435 625 atque
459 548 499 607 ita
523 546 605 606 frons
625 553 655 606 et
673 555 806 626 tempore
825 546 1007 609 oblinuntur.
1041 547 1147 609 Per-o

94 642 238 695 manente
269 652 340 695 vero
372 636 478 713 capitis
514 633 616 695 dolore
653 637 807 696 materiam
844 654 964 716 quoque
998 638 1112 699 umoris

66 731 218 802 soportet
240 722 397 784 detrahere
421 741 457 783 ex
480 740 515 784 eo
538 741 593 803 per
620 742 709 785 nares
735 724 782 784 vel
804 743 859 804 per
886 743 933 806 os3
963 744 1112 805 quaeres

94 814 188 873 etiam
211 811 374 873 auriculam
392 812 437 872 rel
456 812 574 874 dentem
599 811 768 874 dolentibus
791 813 915 891 prodest
937 832 993 875 neo
1011 816 1112 876 minos

93 903 144 982 iis,
164 900 274 980 quibus
288 900 403 962 subitae
417 902 579 980 vertigines
593 900 799 984 obversantur,
814 920 890 982 quos
903 905 1112 964 scotomaticos

94 988 205 1050 Graeci
228 989 345 1071 dieunt3
368 991 438 1051 item
458 990 598 1051 comitiali
617 990 721 1061 morbo
739 993 887 1071 correptis
905 992 1036 1073 prodest,
1059 992 1112 1053 sed

94 1087 127 1139 et
151 1076 277 1157 caligine
300 1079 449 1158 inpeditos
472 1097 509 1139 ex
529 1097 635 1158 magna
653 1088 739 1158 parte
758 1078 842 1141 levat.
879 1079 995 1141 Debent
1012 1089 1113 1141 autem

54 1168 118 1227 xcii
142 1166 279 1227 homines
303 1167 398 1247 pridie
421 1167 571 1228 abstinere
594 1176 624 1229 et
647 1168 853 1247 superioribus
876 1168 982 1229 diebus
1005 1186 1112 1248 aquam

92 1264 211 1335 potare.
249 1255 307 1316 Per
334 1274 421 1317 nares
445 1275 516 1335 ergo
539 1264 686 1335 purgatur
708 1265 798 1336 eaput
819 1256 868 1317 his
890 1257 982 1318 rebus
1004 1258 1149 1319 inluster

91 1362 151 1424 per
166 1362 270 1426 cornu,
284 1344 362 1424 quod
378 1344 489 1405 Graece
504 1344 716 1425 rhinenchytes
731 1353 868 1407 vocatur:
889 1345 1024 1407 llederae
1039 1365 1112 1408 suco

93 1451 151 1512 per
180 1452 213 1494 se
240 1432 286 1494 vel
313 1433 398 1494 betae
422 1452 495 1495 sueo
523 1453 591 1496 oum
620 1436 727 1513 exiguo
750 1434 824 1496 ilore
847 1436 926 1496 aeris
949 1434 995 1495 vel
1018 1434 1111 1516 cycla-

94 1524 188 1583 minis
221 1540 293 1584 suco
326 1524 418 1583 mixto
450 1522 526 1583 laete
560 1531 611 1585 aut
643 1541 718 1602 aqua
745 1525 810 1602 pari
838 1542 986 1585 mensura.
1032 1524 1147 1584 lienes

57 1626 82 1667 15
97 1610 232 1673 detrahit
263 1629 279 1671 e
312 1610 434 1673 naribus
466 1611 613 1690 liquorem
645 1620 676 1671 et
708 1611 782 1672 haee
814 1613 993 1691 conpositio:
1027 1612 1112 1693 Salis,

95 1702 181 1780 nitri,
203 1702 288 1780 aceti,
310 1699 368 1760 olei
385 1702 505 1775 veteris,
524 1700 629 1781 mellis,
649 1699 833 1779 singularum
852 1718 955 1762 rerum
973 1699 999 1758 li
1017 1698 1113 1782 binos,

96 1788 271 1867 cyclaminis
297 1790 375 1869 suci,
404 1788 556 1868 staphidos
579 1790 689 1867 agrios,
718 1806 808 1867 quam
829 1787 953 1850 herbam
976 1787 1114 1866 peduola·

94 1879 187 1959 riam,
220 1877 299 1956 quod
327 1896 379 1937 eos
406 1886 505 1958 necat,
537 1877 657 1956 quidam
685 1876 846 1960 appellant,
875 1876 1060 1956 singulorum
1088 1876 1114 1938 ll

95 1965 194 2026 binos.
240 1965 321 2027 llaec
352 1968 383 2027 in
415 1984 508 2027 unum
541 1968 632 2027 mixta
660 1965 782 2027 naribus
810 1984 865 2045 per
892 1984 987 2027 cornu
1015 1967 1113 2028 iniun-

55 2070 81 2110 πο
96 2054 224 2136 duntur,
256 2054 303 2115 vel
335 2056 426 2134 pinna
458 2055 591 2133 longiore
624 2073 713 2115 nares
744 2057 872 2116 interius
903 2056 1113 2133 peririoantur.

95 2143 174 2205 Cum
202 2146 274 2204 satis
297 2146 393 2205 visum
416 2144 507 2205 luerit
530 2143 650 2205 linxisse
675 2145 790 2204 umoris
815 2152 867 2205 aut
890 2145 1056 2226 sanguinis,
1079 2153 1114 2205 ut

95 2234 290 2313 reprimatur,
312 2250 387 2311 aqua
411 2233 517 2311 frigida
539 2250 614 2311 pura
637 2250 727 2293 nares
750 2232 864 2293 diutius
891 2232 972 2294 oblui
995 2241 1115 2311 oportet

95 2320 145 2382 vel
169 2340 257 2382 croco
280 2323 311 2381 in
335 2321 438 2382 eadem
461 2332 610 2382 macerato
629 2321 734 2400 pridie.
772 2320 831 2382 Sed
850 2323 948 2401 siper
967 2339 1001 2381 os
1019 2323 1114 2401 magis
1133 2335 1149 2385 9

96 2408 257 2471 detrahere
286 2412 400 2471 umoris
428 2412 581 2471 materiam
609 2412 707 2471 visum
736 2410 839 2491 luerit,
868 2412 937 2489 quia
964 2428 1025 2470 non
1048 2412 1114 2471 sine

56 2514 81 2555 es
95 2507 248 2559 tormento
282 2499 408 2577 quodam
440 2517 496 2578 per
526 2517 614 2559 nares
647 2516 682 2559 ea
714 2498 885 2577 deducitur,
923 2497 1115 2560 suadebimus

95 2586 234 2668 pyrethri
261 2587 424 2648 radiculam
451 2588 696 2648 commanducare
720 2595 809 2666 atque
832 2586 959 2646 subinde
982 2586 1114 2647 hiantem

95 2678 161 2756 pati
188 2676 314 2737 fluorem
342 2675 461 2757 sabrae,
490 2676 536 2736 vel
563 2693 650 2735 uvam
678 2692 795 2753 passam
822 2692 891 2734 cum
919 2676 1033 2754 piperis
1056 2673 1116 2734 albi

96 2764 222 2826 totidem
251 2767 352 2843 granis
378 2764 513 2825 dabimus
536 2763 839 2825 commanducandam
867 2771 898 2824 et
921 2762 1114 2844 expuendam,

96 2872 194 2933 aeque
226 2855 306 2914 enim
338 2862 368 2916 et
400 2853 472 2914 haec
503 2853 656 2915 deducunt
683 2854 831 2931 pituitam.
876 2850 958 2913 Bone
986 2852 1057 2913 lacit
1085 2858 1115 2913 et

57 2967 83 3008 so
98 2944 204 3021 senapi
227 2960 263 3003 ex
287 2951 370 3003 aceto
394 2944 511 3023 tritum,
535 2942 587 3002 sed
611 2960 671 3003 non
694 2949 908 3023 excastratum,
931 2944 1115 3022 gargarizare

97 3033 191 3092 trium
220 3029 394 3111 cyathorum
424 3049 563 3091 mensura
591 3030 720 3091 admixta
747 3030 844 3091 mellis
866 3030 941 3091 libra
965 3049 1037 3111 una3
1065 3029 1116 3091 de-

97 3118 193 3181 trahit
211 3122 290 3180 enim
309 3120 430 3181 ethaeo
450 3120 615 3198 conpositio
634 3119 756 3197 largiter
774 3121 920 3198 pituitam.
953 3118 1026 3180 Cum
1043 3137 1114 3179 vero
1135 3130 1169 3182 10

98 3208 151 3269 diu
180 3216 271 3288 capnt
294 3207 387 3289 dolet,
416 3217 446 3269 et
469 3208 625 3268 adtonderi
646 3202 783 3287 pressius
806 3216 836 3269 et
859 3207 961 3268 adradi
983 3206 1116 3287 prodest,

98 3305 134 3358 nt
160 3299 257 3376 possit
284 3297 398 3358 diutius
426 3298 540 3377 fricari,
568 3305 598 3358 et
625 3314 701 3377 aqua
729 3296 822 3357 calida
850 3296 944 3357 foveri
971 3314 1047 3374 pura
1070 3295 1117 3356 vel

30 3492 35 3501 ,
170 3432 341 3487 4humoris.
385 3431 626 3487 leontometieos.
663 3429 855 3486 Soumiciols.
895 3436 928 3485 10
944 3429 985 3484 hii
1000 3429 1115 3486 omines.

27 3545 33 3557 .
99 3502 243 3561 abstineri.
292 3509 324 3558 12
343 3502 520 3572 rhineoytes.'
558 3508 591 3557 21
611 3502 744 3557 humoris.
790 3507 826 3556 26
843 3500 950 3570 pyretri
999 3507 1033 3557 27
1053 3518 1118 3557 oum

103 3592 153 3632 om.
192 3580 227 3630 28
246 3574 541 3630 commanducandum.
578 3580 613 3628 29
631 3575 731 3641 ireque.
770 3569 929 3627 31librem
947 3589 1042 3627 onom.
