2609 4017
506 147 745 212 -119-

114 312 217 388 guinis
235 312 408 390 eruptiones
427 320 457 372 et
475 310 512 371 ad
530 313 706 372 eminentias
730 314 815 390 quasi
833 311 957 376 callosas
980 314 1060 374 circa
1078 329 1128 373 an·

113 399 202 478 gulos
230 402 399 478 geusiarum
422 409 453 461 et
475 399 591 461 radices
614 400 763 483 dentium,
792 401 863 462 facit
891 410 921 462 et
947 402 983 462 ad
1011 410 1128 462 veretra

114 497 145 550 et
169 487 206 548 ad
231 487 374 568 longioris
396 491 540 568 temporis
562 490 686 552 fissuras
709 491 824 568 inane,
846 508 919 568 quas
939 490 1045 552 Gracci
1063 490 1129 552 rha-

113 576 207 656 gadas
226 577 386 657 appellant:
409 576 534 638 Chartae
553 586 647 658 ustae,
665 578 780 658 plumbi
799 581 868 657 usti,
887 597 1027 659 squamae
1044 578 1130 640 rubri

80 667 205 747 saeris,
228 669 438 746 auripigmenti
456 666 483 727 Χ
500 666 597 746 binos,
616 666 747 746 sulpuris
766 669 823 728 vivi
842 667 907 749 lll;
927 670 1015 729 siccis
1033 668 1080 728 his
1100 676 1130 728 et

113 754 194 815 bene
224 757 303 816 tritis
328 759 373 816 uti
396 764 528 836 oportet,
555 764 602 816 est
624 759 705 816 eninr
728 756 968 818 efficacissimum
991 756 1129 819 omuibus

113 861 207 922 supra
226 846 348 923 scriptis
365 845 622 906 medicamentum.
659 845 789 906 Anthera
808 845 843 906 ad
862 847 995 925 gingivas
1013 856 1129 908 tumen·
1148 859 1181 908 38

112 941 161 994 tes
184 941 217 993 et
239 933 275 994 ad
299 933 399 994 ulcera
422 933 584 995 abalienata
603 936 635 996 in
657 936 782 995 ueretris
802 944 832 995 et
851 934 887 995 ad
906 953 949 1016 ea,
968 937 999 996 in
1018 934 1128 1014 quibus

111 1023 243 1082 nimium
266 1041 334 1083 caro
358 1024 464 1084 vitiosa
487 1026 666 1085 excreverit:
703 1022 811 1103 Cyperi
833 1023 917 1104 llll,
945 1027 1026 1084 croci
1049 1023 1129 1105 llll,

63 1134 97 1174 ιο
111 1128 235 1189 myrrae
264 1110 333 1192 ill,
360 1111 498 1201 aluminis
526 1113 590 1173 fissi
616 1111 700 1191 llll,
729 1113 906 1174 sandaracae
934 1112 960 1174 x
982 1110 1003 1172 1.
1049 1111 1129 1174 llaec

110 1201 186 1260 trita
206 1217 341 1265 seorsum
360 1203 440 1261 etin
459 1219 552 1261 unum
571 1203 663 1262 mixta
681 1210 868 1280 reponuntur
893 1209 923 1262 et
941 1203 1020 1262 sicca
1039 1220 1129 1280 supra

110 1289 204 1348 dictis
226 1290 306 1349 vitiis
330 1289 518 1350 adhibentur.

445 1509 452 1518 ·
542 1483 621 1546 CAP.
644 1483 707 1544 Xll.

108 1595 277 1651 Dentium
295 1595 473 1652 doloribus
492 1598 527 1652 et
544 1596 635 1652 vitiis
654 1610 775 1652 eorum
793 1595 961 1652 universis
979 1596 1129 1652 remedia

154 1684 297 1754 physice
319 1687 354 1740 et
375 1685 589 1741 rationabilia
612 1685 748 1740 diversa
770 1686 813 1740 de
836 1685 1089 1754 experimentis.

202 1821 247 1881 td
271 1822 405 1883 dentium
424 1822 557 1882 dolorem
576 1823 711 1901 quamvis
730 1821 852 1900 plurimi
872 1820 973 1881 dicant
996 1820 1129 1881 forficem
1150 1834 1164 1881 1

111 1910 281 1971 remedium
304 1930 370 1972 esse
393 1913 548 1990 optimum,
571 1911 664 1972 multa
686 1919 786 1972 tamen
804 1911 880 1969 citra
901 1908 976 1971 hanc
1001 1912 1129 1970 necessi-

67 2022 97 2063 ιε
112 2008 207 2060 tatem
235 2002 299 2061 scio
326 2000 485 2078 proluisse.
531 2000 634 2079 ltaque
664 2018 733 2061 cum
759 2017 866 2060 exesus
895 2007 941 2060 est
968 1999 1065 2078 aliqua
1093 2019 1128 2060 ex

111 2097 199 2167 parte
223 2088 310 2168 dens,
337 2107 396 2148 non
420 2089 531 2149 suadeo
554 2091 692 2168 protinus
715 2088 892 2169 tollendum,
916 2089 968 2149 sed
992 2089 1128 2149 exciden-

111 2178 186 2238 dum
215 2178 330 2257 scalpro
354 2177 536 2260 medicinali,
564 2197 621 2256 qua
644 2185 766 2238 cavatus
790 2185 848 2258 est,
878 2178 957 2257 quod
981 2179 1044 2238 sine
1068 2177 1129 2238 ullo

110 2267 148 2327 nt
175 2266 292 2347 dolore3
319 2267 434 2346 reliqua
462 2269 542 2328 enim
569 2266 662 2327 solida
690 2285 759 2345 pars
787 2268 852 2328 eius
881 2274 911 2326 et
939 2269 1069 2346 speciem
1100 2277 1130 2326 et

112 2373 204 2416 usum
227 2356 326 2416 dentis
348 2355 519 2435 praestabit.
556 2355 615 2416 Sed
633 2374 702 2417 cum
721 2355 806 2418 dolor
829 2354 958 2436 urgebit,
981 2357 1061 2416 varie
1085 2373 1130 2416 se·

69 2466 98 2504 eo
112 2444 232 2505 dandus
255 2453 301 2505 est
323 2447 431 2524 partim
455 2443 615 2505 collutione
635 2445 831 2524 quorundam,
853 2446 962 2522 partim
982 2463 1129 2506 comman-

112 2534 287 2612 ducatione,
315 2551 539 2612 nonnumquam
562 2534 713 2610 suffitione
741 2542 793 2594 aut
815 2535 995 2611 inpositione
1018 2531 1130 2611 aliquo·

112 2641 183 2682 rum
213 2622 424 2683 remediorum.
470 2621 596 2683 Prodest
628 2640 700 2700 ergo
734 2620 864 2681 colluere
892 2639 925 2680 os
956 2620 1129 2698 frequenter

112 2711 216 2771 radice
239 2709 349 2772 herbae
372 2711 593 2790 quinquefoliae
612 2713 746 2772 incoctae
766 2712 847 2789 vino,
870 2711 942 2769 item
965 2707 1057 2770 herba
1080 2727 1130 2770 ur·

113 2799 227 2861 ceolari
255 2808 285 2860 et
317 2803 453 2878 cupressi
484 2800 566 2861 bacis
598 2819 674 2879 aqua
702 2801 841 2880 incoctis3
874 2797 978 2859 alterni
1010 2816 1129 2876 quoque

71 2908 100 2948 sc
113 2888 199 2949 radix
222 2888 299 2950 bene
322 2890 431 2967 accipit
453 2898 505 2950 aut
528 2889 662 2950 eiusdem
686 2906 787 2950 semen
808 2887 929 2950 linteolo
949 2889 1046 2966 spisso
1064 2886 1129 2949 inli-

113 2987 216 3056 gatum
244 2985 275 3038 et
301 2996 377 3057 aqua
404 2979 522 3057 saepius
550 2978 790 3058 inservelactum‚
822 2979 911 3041 etiam
942 2995 1033 3040 sucus
1065 2979 1129 3039 eius

113 3075 221 3144 tepens
239 3066 380 3128 dentibus
398 3066 549 3128 adhibitus
568 3066 730 3146 plurimum
750 3066 882 3146 prodest.
911 3066 1012 3128 Suffiri
1031 3076 1129 3128 autem
1149 3079 1165 3127 2

113 3155 220 3215 dentes
243 3163 362 3233 oportet
384 3173 436 3216 ore
460 3156 600 3234 adaperto
623 3157 728 3217 alterci
751 3158 863 3216 semine
882 3155 1061 3216 carbonibus
1080 3154 1131 3215 ad-

113 3245 212 3322 posito
235 3252 325 3323 atque
349 3243 475 3305 subinde
494 3262 528 3304 os
547 3244 678 3306 colluere
698 3263 773 3325 aqua
793 3243 896 3326 calida,
918 3245 1026 3322 inqua
1046 3243 1130 3304 radix

186 3450 347 3505 ernendae.
418 3450 496 3506 suti
514 3469 564 3507 om.
622 3450 934 3507 rmcdioamcntorum.
1018 3455 1051 3504 21
1073 3449 1129 3504 suf-

114 3519 231 3575 fusione.
304 3527 338 3576 27
357 3522 468 3594 tepens]
488 3527 615 3593 plepens.
