2609 4017
591 168 807 232 -12-

193 332 427 412 cheragricique,
446 330 569 392 morbus
588 332 678 391 etiam
696 329 865 393 articularis
882 329 954 390 hinc
973 328 1108 389 accidere
1124 328 1216 389 solet.

194 420 320 491 Quidam
352 422 441 481 etiam
473 420 549 480 fiunt
576 428 722 501 amentes,
755 418 933 500 quibusdam
966 420 1054 480 etiam
1087 419 1216 497 sanguis

194 527 352 587 erumpere
371 527 387 569 e
407 508 530 569 naribus
549 507 632 569 solet.
662 510 788 587 Oportet
806 525 877 586 ergo
896 510 1017 568 occurri
1034 514 1095 567 tam
1113 508 1214 585 gravi-

159 598 250 659 9bus
281 597 365 658 malis
396 599 549 658 curatione
576 595 737 675 praedicta.
786 597 811 656 Α
838 598 937 657 vesica
964 597 1017 676 qui
1043 604 1215 657 nascuntur

194 685 291 747 morbi
318 684 391 746 haec
419 685 532 746 dabunt
558 688 655 764 signa:
682 686 768 748 Pleni
788 684 971 746 ridebuntur
993 692 1024 745 et
1046 687 1106 746 cito
1129 692 1215 746 satu·
1243 698 1256 739 5

194 776 263 856 rari,
287 792 361 853 quos
385 774 530 854 gravabit,
559 783 724 853 sequentur
749 774 918 835 inflationes
945 776 1058 834 ventris
1086 780 1115 834 et
1144 792 1215 834 cre·
1282 791 1288 822 ν

194 865 276 942 pitus
295 862 403 943 crebri,
421 862 602 924 videbuntur
616 865 744 924 oscitare
759 882 814 924 neo
828 862 1007 942 oscitabunt,
1026 861 1078 923 sed
1092 869 1213 923 tantum

195 970 228 1013 os
252 951 408 1032 diducent‚
431 959 574 1031 sequetur
602 953 695 1012 totius
725 953 861 1031 corporis
888 960 995 1029 stupor
1026 969 1213 1029 somnusque

195 1042 294 1119 gravis
322 1042 408 1120 quasi
434 1058 565 1121 marcor,
592 1041 644 1101 fiet
672 1043 758 1102 urina
788 1040 876 1101 livida
905 1048 936 1101 et
963 1042 1010 1100 vix
1038 1057 1213 1118 erumpens,

195 1137 364 1190 tumescent
382 1132 469 1189 etiam
489 1137 615 1207 veretra,
633 1129 703 1190 inde
723 1138 753 1190 et
771 1128 914 1190 calculosi
926 1129 1007 1189 fient.
1044 1127 1124 1189 Haec
1138 1130 1213 1188 vitia
1228 1144 1254 1183 ro

195 1220 239 1279 sic
263 1218 472 1279 emendantur:
500 1217 677 1279 Feniculum
700 1226 730 1279 et
753 1220 853 1297 apium
876 1220 944 1277 vino
968 1225 1087 1278 austero
1110 1218 1213 1277 made·

195 1307 284 1368 facito
313 1306 358 1366 vel
386 1309 475 1367 etiam
503 1325 604 1368 earum
632 1306 795 1368 herbarum
817 1307 933 1367 radices
960 1315 1081 1367 contere
1114 1315 1145 1366 et
1174 1324 1212 1366 ex

195 1396 257 1466 vini
291 1394 404 1474 cyathis
437 1395 554 1456 duobus
587 1403 617 1456 et
644 1396 820 1457 tantundem
847 1413 940 1475 aquae
968 1395 1079 1455 calidae
1107 1396 1212 1474 accipe

196 1483 318 1545 adsidue
344 1483 389 1544 rel
412 1484 499 1545 dauci
522 1502 623 1544 semen
648 1493 680 1545 et
702 1493 831 1565 myrtum
855 1504 892 1545 ex
915 1501 991 1563 aqua
1012 1482 1106 1544 calida
1123 1501 1211 1545 sume

196 1572 242 1633 rel
261 1575 341 1633 cicer
360 1572 469 1655 album,
492 1591 552 1634 non
571 1574 731 1635 arietinum
750 1573 948 1634 madefactum
967 1574 1043 1653 rino,
1066 1580 1101 1633 ut
1117 1590 1209 1652 supra
1223 1586 1251 1627 1⁵

196 1663 317 1743 scripsi,
345 1661 432 1723 ebibe
461 1661 506 1722 vel
533 1662 665 1723 radicem
688 1664 822 1741 asparagi
844 1662 891 1723 vel
919 1679 1023 1723 ervum
1050 1662 1211 1722 erraticum

196 1751 242 1810 vel
266 1750 430 1829 serpullum
454 1751 587 1829 decoque
621 1753 747 1830 eiusque
775 1768 880 1831 aquam
904 1752 971 1811 rino
992 1752 1112 1811 mixtam
1132 1749 1210 1811 bibe.
1290 1808 1291 1825 2

197 1837 279 1909 Quae
303 1841 355 1917 qui
378 1838 549 1918 neglegunt,
572 1840 648 1901 fiunt
667 1840 835 1920 hydropici3
859 1841 996 1918 sequitur
1014 1840 1051 1899 iis
1069 1840 1210 1899 iocineris

109 1984 116 1995 ,
197 1935 227 1987 et
247 1929 365 1987 renium
385 1935 415 1987 et
433 1929 549 1987 vesicae
568 1927 661 1988 dolor,
698 1928 783 1987 Fient
803 1946 922 2007 quoque
942 1926 1092 2008 calculosi,
1113 1936 1209 1988 stran-

196 2017 312 2099 guriam
349 2015 414 2076 tubi
451 2014 642 2076 sustinebunt
683 2023 713 2076 et
745 2018 858 2077 ventris
891 2025 1046 2077 tumorem.
1096 2015 1250 2077 lntueriao

197 2112 296 2165 autem
320 2111 439 2183 oportet
457 2106 538 2183 aegri
557 2106 645 2185 vires,
669 2104 816 2183 quomodo
835 2107 931 2184 possit
950 2106 1098 2165 sustinere
1118 2105 1209 2165 medi·

196 2194 307 2274 cinam,
335 2200 369 2253 ut
396 2194 437 2252 ita
465 2192 543 2253 iebri
570 2200 601 2253 et
628 2192 770 2254 cruditati
797 2196 862 2255 eius
890 2192 1075 2254 adhibeatur.
1120 2193 1210 2255 Fiunt

197 2298 267 2359 ergo
300 2280 506 2359 cataplasmata
539 2281 791 2363 adhibeaturque,
824 2302 899 2362 quae
926 2290 995 2362 apta
1022 2284 1083 2343 sint
1110 2284 1209 2363 capiti,

196 2372 302 2449 ventri,
326 2371 450 2451 vesicae,
474 2369 623 2451 cruditati,
646 2370 761 2452 frigori,
784 2371 883 2453 calori,
906 2379 997 2449 prout
1021 2378 1138 2451 tempus
1161 2389 1208 2431 cx·

196 2460 299 2535 egerit.
337 2457 387 2518 Uti
410 2465 508 2518 autem
532 2458 566 2518 ad
591 2458 665 2519 haec
688 2466 807 2539 oportet
828 2479 903 2539 rosa,
927 2467 1020 2539 aceto,
1044 2462 1121 2540 rino,
1144 2459 1208 2520 oleo
1221 2476 1248 2517 rs

196 2548 282 2627 irino,
305 2546 436 2627 linguam
461 2565 580 2627 quoque
604 2550 686 2626 aegri
708 2566 843 2628 asperam
867 2548 953 2609 melle
980 2549 1138 2627 perfricari
1163 2549 1208 2608 rel

196 2644 313 2697 mentae
342 2636 428 2716 lolio;
457 2635 573 2715 reliqua
600 2636 736 2715 diligenti
763 2637 878 2697 medico
906 2638 1105 2717 permittenda
1129 2628 1208 2718 suut,

144 2739 177 2788 10
196 2727 266 2803 quia
293 2727 375 2786 iuxta
402 2724 523 2785 morbos
551 2724 640 2785 debet
668 2724 810 2786 adhibere
833 2726 1018 2787 medicinam.
1065 2724 1207 2796 Quoniam

197 2812 314 2873 ostendi
338 2815 471 2890 corporis
496 2814 560 2872 sani
583 2820 613 2872 et
634 2812 766 2873 inbecilli
784 2821 869 2874 notas
887 2832 941 2892 per
961 2816 1077 2875 urinam
1097 2815 1207 2876 denun-

197 2902 264 2961 tiari
288 2908 319 2961 et
341 2900 437 2960 adieci
464 2902 653 2961 curationum
677 2901 808 2983 consilia,
831 2920 911 2963 nunc
935 2910 965 2963 et
988 2905 1205 2984 conpositiones
1220 2929 1247 2970 so

196 2989 481 3049 medicamentorum
495 2988 629 3075 adiciam,
645 3007 738 3050 unum
758 3008 795 3050 ne
814 2999 975 3053 nascantur
993 2994 1114 3071 corpori
1131 2995 1207 3072 vitia,

196 3077 323 3139 alterurn
346 3084 381 3137 ut
404 3078 580 3138 emendatio·
594 3080 751 3139 sanitatem
773 3079 906 3143 reducat.
942 3081 1091 3142 Adversus
1111 3089 1207 3142 autem
1290 3110 1293 3132 r

197 3184 299 3227 omnes
333 3166 454 3243 inpetus
482 3165 655 3227 morborum
683 3167 742 3228 duo
771 3177 841 3229 sunt
868 3170 999 3230 remedia
1028 3171 1206 3231 certissima:

195 3256 327 3333 primum
350 3262 405 3336 est,
427 3254 543 3315 decimo
568 3273 686 3335 quoque
710 3256 758 3317 die
782 3265 816 3318 ut
838 3266 868 3318 te
891 3258 1040 3318 abstineas
1059 3276 1075 3318 a
1094 3258 1160 3319 cibo
1178 3265 1207 3318 et

269 3460 490 3531 teberagriqua
587 3461 710 3517 morbos.
809 3464 877 3534 3e]
901 3480 926 3518 o.
1022 3464 1205 3520 ssdeducent

196 3529 330 3601 sequitur.
380 3537 412 3586 13
431 3532 529 3602 epatis.
575 3538 608 3586 19
627 3533 793 3603 stranguria.
840 3538 875 3587 at
892 3533 992 3603 prima.
1038 3535 1126 3607 nite]
1141 3535 1205 3590 uite.

88 3642 173 3671 A
