2609 4017
488 152 729 219 -215-

93 317 173 377 teris
203 316 385 396 summatim,
413 315 522 376 adicies
552 318 734 377 semunciam
762 315 921 395 zingiberis
949 322 980 375 et
1001 317 1115 396 piperis

95 406 165 465 triti
189 437 232 447 —-
251 404 287 484 ll,
309 404 478 483 petrosilini
503 404 574 465 -1
600 413 630 466 et
653 405 741 466 simul
764 408 875 466 iterum
898 405 1057 484 discoques
1080 423 1115 465 ac

95 500 205 573 postea
226 492 374 554 miscebis,
391 493 525 576 mulsam,
547 493 600 555 ubi
623 502 708 555 cocta
731 494 844 555 luerint
862 494 1002 574 cydonea,
1024 501 1116 573 atque

96 585 141 642 ita
169 584 202 641 in
229 582 347 643 vasculo
375 583 462 643 vitrio
489 582 636 643 recondes
670 590 700 643 et
726 601 796 643 cum
823 601 899 662 opus
927 583 1030 657 luerit,
1060 600 1117 661 per

69 669 236 732 scocleare
259 672 378 731 ieiunus
401 672 538 751 accipies.

192 758 344 819 Stomachi
362 766 392 819 et
410 761 515 838 capitis
537 759 664 841 dolores,
683 768 796 821 tussem
816 778 934 839 quoque
949 759 1110 839 longasque
1118 772 1173 824 tat

98 847 304 927 aegritudines
332 856 416 909 curat
444 857 473 909 et
501 848 691 927 dysintericis
719 849 868 929 medetur,
898 848 1117 929 leptopyrcxias

99 944 195 1016 sanat,
214 936 310 997 dolori
328 939 417 998 etiam
436 936 566 998 faucium
586 944 616 997 ct
630 937 797 1017 synancbae
812 937 1038 999 succurrittale
1055 956 1117 998 me

98 1026 252 1086 dicamen:
278 1025 394 1105 Piperis
417 1025 475 1087 albi
502 1058 539 1069 -
563 1026 629 1105 IS,
654 1025 750 1087 mellis
774 1028 864 1087 Attici
889 1025 1016 1107 -1s,
1039 1027 1118 1086 asari

57 1135 84 1173 ro
101 1113 182 1195 -1,
200 1116 374 1195 vettonicae,
393 1114 564 1196 saxifragae,
583 1117 680 1175 casiae
698 1115 814 1176 fistulae
833 1114 951 1194 pondus
968 1122 1117 1194 utsupra.

97 1202 182 1263 llaec
206 1204 304 1263 omnia
327 1206 396 1263 trita
419 1222 488 1264 cum
511 1204 686 1283 despumato
710 1203 796 1264 melle
816 1203 956 1264 miscebis
979 1211 1010 1263 et
1032 1202 1118 1263 dabis
1186 1272 1190 1275 ⁴

97 1291 282 1351 coclearium
305 1292 416 1369 grande
439 1292 560 1371 plenum
582 1311 619 1353 ex
637 1293 757 1353 condito
776 1295 911 1374 mixtum,
933 1291 1118 1353 febricitanti

97 1398 173 1441 vero
198 1398 234 1440 cx
256 1398 331 1458 aqua
355 1380 456 1441 calida.

191 1468 365 1530 Antidotum
388 1470 542 1549 multiplex
566 1471 601 1532 ad
625 1470 717 1532 multa
738 1470 870 1530 remedia
892 1471 1000 1547 recipit
1023 1468 1173 1531 haectlaa

57 1578 84 1618 15
99 1556 190 1617 Croci
210 1550 250 1643 9-
265 1556 324 1631 XV,
343 1560 456 1637 piperis
475 1559 533 1619 albi
550 1592 588 1603 —
605 1560 632 1620 ll
648 1559 677 1640 S,
695 1560 804 1619 amomi
823 1560 1014 1636 semunciam,
1030 1574 1117 1635 pyre-

99 1646 163 1705 thri
187 1648 378 1723 semunciam,
402 1647 490 1708 dauci
507 1647 619 1709 Cretici
636 1649 828 1724 semunciam,
852 1644 915 1706 lolii
932 1644 1118 1724 malabathri,

99 1734 328 1814 nardostachyS,
353 1737 463 1816 casiae,
488 1738 547 1815 apii
570 1738 704 1818 seminis,
727 1735 853 1815 culorhi,
877 1741 962 1795 rutae
985 1734 1118 1813 seminis,

100 1823 284 1902 petrosilini,
312 1842 397 1884 rosae
422 1826 531 1904 siccae,
555 1828 616 1904 opii
638 1824 771 1903 singulas
793 1825 974 1902 semuncias,
997 1820 1118 1900 opobal-

102 1914 179 1973 sami
208 1904 322 1997 yVl,
349 1912 445 1973 mellis
472 1912 543 1975 boni
570 1913 602 1974 P.
626 1913 666 1994 ll,
694 1914 824 1973 cinnami
852 1912 1043 1972 semunciam.
1086 1909 1120 1969 Si

58 2023 87 2063 so
102 2019 164 2061 non
183 2001 275 2062 luerit
293 2004 471 2083 cinnamum,
492 2004 593 2063 mittes
612 2004 709 2065 casiae
730 2000 847 2062 fistulae
866 1999 989 2079 duplum
1008 2018 1063 2078 pro
1081 2017 1118 2059 eo

102 2089 230 2149 ethaeo
254 2092 351 2149 omnia
375 2098 462 2151 tunsa
486 2090 626 2152 criblahis
649 2090 772 2152 cribello
795 2092 881 2151 tenui
897 2096 929 2149 et
946 2091 990 2150 sic
1009 2090 1119 2149 misces

103 2180 207 2257 opium
231 2196 298 2238 cum
322 2178 408 2239 melle
430 2186 460 2239 et
477 2181 579 2240 mittes
597 2182 629 2239 in
647 2182 823 2241 mortarium
843 2187 874 2239 et
891 2178 1119 2257 diligentissime

103 2275 194 2347 teres,
213 2266 307 2328 donec
326 2285 420 2328 unum
439 2286 548 2347 corpus
567 2269 627 2350 liat,
651 2287 685 2329 ac
704 2271 748 2329 sic
767 2269 865 2329 omnia
885 2269 1031 2345 permixta
1050 2267 1119 2327 mit·

103 2364 149 2417 tes
173 2357 205 2415 in
229 2355 369 2417 doliolum
393 2358 534 2438 vitreum3
562 2376 631 2418 cum
654 2376 730 2436 opus
753 2355 851 2437 fuerit,
876 2374 911 2415 ex
934 2354 992 2415 hoc
1015 2354 1119 2415 colicis

62 2464 90 2505 25
103 2444 188 2505 fabae
212 2444 406 2524 Aegyptiacae
429 2446 632 2523 magnitudine
656 2464 724 2506 cum
748 2462 841 2522 aquae
862 2443 986 2521 frigidae
1005 2442 1120 2522 cyathis

104 2532 203 2594 tribus
221 2535 306 2611 potui
323 2533 417 2614 dabis,
440 2536 624 2614 iocinerosis,
646 2536 698 2611 qui
720 2535 805 2592 iecur
819 2534 948 2609 graviter
966 2529 1120 2603 dolebunt,

104 2640 173 2683 curn
197 2624 264 2687 rino
287 2621 383 2682 mulso
407 2620 499 2703 dabis,
524 2630 557 2683 ut
580 2622 838 2701 suprascriptum
862 2626 917 2699 est,
943 2617 1119 2697 epilepticis,

105 2729 181 2790 quos
200 2710 328 2771 caducos
347 2711 459 2790 dicunt,
478 2710 562 2771 dabis
583 2718 616 2771 ut
635 2728 734 2789 supra,
753 2708 920 2786 pleuriticis
938 2724 1008 2766 cum
1026 2723 1120 2784 aquae

105 2798 218 2860 mulsae
246 2798 330 2859 dabis
357 2799 471 2878 cyathis
499 2799 610 2878 tribus,
639 2797 823 2859 stomachum
853 2794 1022 2856 dolentibus
1050 2811 1120 2854 cum

63 2906 92 2946 so
105 2906 213 2967 poscae
242 2888 356 2967 cyathis
384 2888 494 2967 tribus,
522 2889 725 2967 dysintericis,
754 2888 806 2965 qui
834 2884 987 2964 persoluto
1015 2890 1120 2945 ventre

107 2983 191 3056 suut,
219 2995 286 3037 cum
310 2995 386 3054 aqua
409 2976 515 3054 frigida
539 2976 635 3056 dabis,
663 2974 825 3055 periodicis
848 2972 982 3035 febribus
1005 2975 1058 3053 qui
1081 2972 1122 3033 la·

106 3065 221 3146 borant,
240 3065 270 3126 id
290 3073 336 3126 est
355 3064 576 3126 accessionibus
595 3065 713 3126 dlurnis
730 3072 759 3125 et
772 3065 937 3144 nocturnis,
957 3082 1026 3124 cum
1044 3080 1130 3141 aqua,

106 3153 199 3215 calida
229 3152 325 3234 dabis,
354 3153 463 3233 quibus
492 3153 596 3214 dentes
626 3153 728 3215 dolent
751 3160 781 3213 et
807 3152 916 3233 quibus
939 3153 1061 3229 sanguis
1084 3150 1122 3210 de

107 3244 233 3321 gingivis
257 3241 370 3322 defluit,
393 3260 460 3303 cum
480 3260 569 3321 posca
593 3242 700 3321 irigida
720 3250 770 3303 aut
790 3260 859 3302 cum
877 3242 945 3300 vino
965 3238 1057 3318 dabis,
1080 3239 1122 3297 ita

197 3376 410 3433 tdisintericis.
459 3376 665 3446 leptoperitias.
716 3374 888 3431 asinanehi.
940 3377 974 3427 15
992 3371 1123 3441 pirethri.
1228 3432 1233 3439 ,

110 3454 142 3503 16
165 3448 352 3529 malabathri]
372 3446 518 3502 alabastri.
571 3518 576 3529 ι
611 3454 644 3503 17
667 3444 870 3528 nardostachis.
961 3449 996 3498 22
1019 3442 1122 3498 mittis.

107 3524 142 3574 at
161 3519 377 3589 epilempthrcrs.
450 3524 484 3572 30
504 3518 599 3587 cyatrs.
673 3518 859 3587 disyntenem.
902 3554 909 3572 ,.

1157 3785 1255 3901 Γ
