2609 4017
501 224 741 290 -245-

107 388 293 449 sorbendum
322 389 453 468 dederis3
481 391 561 467 ipsas
590 407 709 469 quoque
737 388 852 449 cocleas
880 396 1020 450 contusas
1045 388 1127 449 velut

106 477 254 556 malagma
283 496 371 555 supra
400 476 548 538 dolentem
576 477 674 539 locum
703 478 805 538 lateris
827 479 932 556 inponi
955 478 1027 537 satis
1051 476 1124 537 utile

105 576 165 627 est.
207 566 348 627 Verbasci
371 565 501 627 radicem
529 574 559 626 et
582 576 667 628 rutae
690 565 850 627 coliculum
878 576 908 627 et
931 565 990 626 albi
1012 567 1125 644 piperis
1145 578 1177 627 11

104 674 202 733 grana
217 654 295 715 Vllll
313 658 344 715 in
364 673 457 716 unum
476 657 604 716 contrita
623 674 659 716 ex
678 674 771 734 aquae
791 655 901 716 calidae
920 655 1033 734 cyathis
1053 654 1124 715 duo-

63 760 76 799 a
105 743 168 805 bus
192 746 276 823 potui
300 744 382 805 dabis
406 746 443 825 ei,
467 746 519 823 qui
541 744 642 805 lateris
666 744 769 805 dolore
792 743 956 805 vexabitur.

200 832 384 894 Marrubium
414 851 450 893 ex
478 851 553 912 aqua
577 836 681 894 tritum
704 832 865 893 salubriter
888 832 1000 894 bibitur
1023 832 1178 893 adver-12

105 940 176 983 sum
202 921 304 982 lateris
328 920 474 1002 dolorem,
502 922 653 982 coriandri
681 940 799 1001 quoque
823 940 925 982 semen
948 922 1056 982 tundes
1079 922 1126 981 rel

105 1019 192 1071 teres
212 1018 242 1071 et
261 1009 406 1070 cribrabis
427 1019 457 1071 et
476 1029 544 1071 cum
563 1010 650 1071 melle
669 1029 791 1090 coques,
811 1010 905 1071 donec
924 1013 1054 1089 spissum
1073 1012 1124 1090 sit3

104 1100 180 1160 inde
206 1118 290 1159 mane
314 1108 344 1159 et
363 1118 430 1159 sero
450 1098 588 1160 cocliaria
606 1107 691 1161 terna
710 1100 794 1161 dabis
812 1099 970 1178 pleuritico
988 1098 1126 1161 bibenda.

65 1204 91 1243 10
106 1188 225 1267 Sulpur
247 1190 345 1248 vivum
369 1195 399 1248 et
422 1190 518 1268 picem
542 1188 673 1249 cedriam
702 1191 766 1267 pari
791 1188 923 1268 pondere
947 1188 1035 1249 simul
1057 1206 1124 1267 per·
1145 1201 1178 1249 13

105 1277 252 1338 miscebis
275 1286 305 1337 et
328 1295 382 1356 pro
405 1275 578 1355 malagmate
602 1277 699 1338 dolori
721 1278 823 1338 lateris
846 1278 987 1356 adpones.

525 1470 603 1531 CAP.
627 1470 713 1532 XXV.

107 1582 326 1640 Lumbornm
357 1584 393 1637 ct
424 1594 589 1638 coxarum
621 1582 797 1638 doloribus
829 1585 865 1638 ct
895 1582 1024 1651 torpori
1054 1582 1126 1639 siva

156 1671 303 1728 sciaticis
325 1670 475 1726 remedia
498 1670 638 1739 physica
662 1674 697 1727 ct
718 1670 930 1727 rationabilia
953 1670 1086 1727 diversa

461 1761 503 1814 dc
528 1760 779 1828 experimentis.

201 1896 245 1957 Ad
270 1895 437 1957 lumborum
462 1894 593 1956 dolorem
618 1898 733 1957 curatio
756 1897 866 1975 optima
894 1895 981 1955 haec:
1014 1894 1160 1958 Cadur-1

108 1986 190 2045 bitae
215 1985 359 2045 silvestris
382 1984 544 2045 floccorum
568 1992 619 2045 aut
642 1987 765 2045 seminis
788 1983 895 2065 lillll,
918 1984 1052 2064 pyrethri
1075 1984 1125 2064 ill,

108 2092 229 2153 myrrae
253 2073 322 2134 ΙΙΙΙ
345 2075 377 2133 in
399 2071 551 2152 pulverem
574 2074 701 2156 rediges,
724 2093 760 2134 ex
785 2092 844 2154 quo
868 2074 944 2133 fiunt
962 2072 1071 2152 pastilli
1090 2073 1126 2133 ad

70 2180 95 2221 1c
108 2177 283 2223 mensuram
307 2162 497 2222 denariorum
519 2162 658 2223 binorum
678 2162 723 2223 vel
742 2162 939 2243 singulorum3
963 2162 1071 2223 dantur
1090 2181 1126 2222 ex

108 2254 193 2331 passi
216 2251 329 2329 cyathis
350 2249 447 2310 tribus
467 2251 566 2311 mixtis
584 2270 678 2331 aquae
698 2251 833 2331 pluvialis
852 2250 965 2331 cyathis
984 2270 1050 2333 sex,
1074 2252 1126 2311 sed

109 2340 169 2418 his,
193 2338 302 2418 quibus
325 2338 382 2398 hoc
405 2339 569 2400 remedium
594 2340 724 2401 dandum
748 2350 803 2421 est,
825 2340 908 2400 alvus
931 2342 993 2400 acri
1014 2339 1126 2419 clysma

109 2446 198 2488 mane
222 2427 402 2488 detrahenda
426 2435 480 2488 est.

202 2516 246 2575 Ad
270 2516 439 2577 lumborum
463 2515 594 2576 dolorem
619 2523 649 2575 et
672 2515 849 2595 paralyticos
872 2515 1021 2575 antidotus
1043 2515 1162 2577 hieraa

71 2621 96 2661 ro
111 2604 222 2666 medici
236 2604 324 2665 Pacci
338 2604 484 2683 Antiochi,
504 2623 578 2684 quae
598 2603 705 2664 melius
720 2606 799 2663 omni
815 2602 1029 2663 medicamento
1044 2603 1127 2684 lacit3

111 2694 166 2754 sed
186 2702 217 2753 et
235 2694 271 2753 ad
290 2692 446 2772 paralysim
466 2693 592 2754 mirifica
610 2693 667 2753 hoc
687 2710 812 2771 acopum
830 2691 910 2772 lacit,
931 2709 990 2770 quo
1009 2699 1129 2770 oportet

112 2784 266 2843 infirmum
290 2785 321 2841 in
345 2780 406 2841 sole
426 2781 477 2843 diu
496 2782 597 2843 fricari
616 2789 668 2842 aut
686 2783 752 2842 foco
770 2780 886 2841 flamma
906 2779 1129 2862 praecalclacto,

111 2874 223 2949 recipit
241 2870 328 2931 haec:
352 2869 417 2930 Olei
436 2870 538 2931 Sabini
557 2870 582 2931 ΙΙ
601 2889 663 2951 sex,
687 2872 856 2931 cucumeris
875 2868 1000 2930 silvatici
1018 2870 1128 2931 radicis

111 2960 244 3020 recentis
263 2958 288 3019 ii
307 2957 366 3020 XV.
403 2958 482 3019 Haec
501 2959 585 3020 radix
604 2962 635 3020 in
654 2959 857 3039 magnitudine
876 2958 1022 3038 iuglandis
1041 2961 1128 3021 nucis

71 3064 96 3105 aa
111 3050 231 3108 concisa
260 3066 329 3107 raso
358 3046 441 3107 lictili
470 3066 544 3107 noro
572 3067 608 3108 ex
632 3048 697 3109 cleo
721 3050 875 3127 coquitur,
902 3048 998 3109 donec
1021 3067 1127 3109 sucum

110 3154 230 3196 omnem
254 3137 387 3196 remittat
410 3143 440 3196 et
463 3138 548 3215 quasi
571 3137 651 3198 arida
676 3140 731 3219 sit3
759 3145 828 3215 post
850 3137 906 3198 boc
930 3136 1014 3197 radix
1037 3137 1127 3198 abici·

111 3234 161 3286 tur
180 3234 211 3285 et
231 3243 284 3303 pcr
303 3224 427 3284 linteum
446 3233 497 3285 aut
516 3224 613 3286 colum
633 3228 808 3286 transmisso
824 3224 889 3286 oleo
905 3225 1041 3306 adicitur,
1055 3224 1126 3285 doun

201 3382 218 3431 6
236 3375 409 3432 marribium.
484 3384 517 3432 10
536 3377 671 3449 cadriam]
691 3378 797 3433 ebriam

200 3448 242 3502 tc't.
263 3446 400 3503 scecticis.

202 3524 237 3573 20
255 3519 350 3589 Pacci]
370 3519 439 3574 acci.
527 3525 560 3573 21
580 3519 657 3574 fecit.
739 3525 773 3575 22
792 3518 960 3587 flammaque
979 3518 1126 3573 calefeci.

111 3596 144 3644 2⁷
164 3589 369 3645 transmissum.
