2609 4017
483 197 726 262 -319-

91 365 215 439 oportet
243 365 332 439 atque
361 359 430 420 inde
458 359 522 420 dari
550 359 685 439 globulos
714 367 775 421 tres
802 360 886 421 tabae
907 362 1111 440 magnitudine

91 467 129 510 ex
155 447 239 510 calda
262 467 351 530 aqua3
380 451 517 510 convenit
540 455 639 510 autem
664 467 740 528 aqua
762 448 861 528 colligi
883 449 929 510 vel
953 453 1111 531 conspergi

90 537 151 598 boc
175 536 434 599 medicamentum.

184 625 272 687 Aliud
301 626 466 687 remedium
494 627 531 687 ad
558 629 672 688 ventris
699 630 907 706 purgationem
940 630 998 689 sic:
1030 627 1108 688 Uvae
1128 641 1163 689 22

59 733 201 795 spassae
225 718 369 795 exemptis
393 717 493 794 granis
517 723 658 777 contusae
677 715 704 775 X
721 715 785 797 llll,
808 719 890 778 anesi
909 715 1027 798 XVIII,
1051 716 1109 778 ela·

90 807 177 883 terii,
207 803 238 864 id
266 812 312 865 est
340 807 521 886 cucumeris,
553 807 584 864 iu
616 813 717 884 partes
749 805 836 865 dirisi
863 805 917 866 loti
947 813 977 866 et
1007 808 1109 867 siccati

90 893 118 952 X
133 892 196 973 VII,
215 895 325 954 veratri
339 894 417 971 nigri
432 891 457 951 X
472 891 546 974 XVI,
565 893 680 954 cunilae
695 895 818 955 seminis
832 896 951 974 purgati
965 896 1109 955 interiora

91 981 202 1042 XXII.
241 980 321 1042 Haec
343 983 375 1041 in
397 980 550 1060 pulverem
574 982 694 1043 redacta
717 981 898 1062 colliguntur
920 992 951 1045 et
974 1001 1010 1043 ex
1034 1001 1109 1063 aqua

90 1071 205 1132 dantur
232 1077 376 1149 quantum
403 1069 487 1131 labae
514 1072 571 1131 tria
599 1089 691 1150 grana
718 1080 789 1133 sunt
816 1089 967 1151 superque
990 1079 1108 1133 acetum

43 1177 75 1216 ιο
90 1177 164 1221 cum
188 1157 274 1220 melle
297 1161 423 1220 mixtum
446 1157 568 1220 bibitur.

184 1247 258 1309 Item
285 1248 340 1308 alia
367 1249 480 1309 ventris
507 1249 644 1328 purgatio
677 1248 811 1309 eiusdem
844 1249 968 1311 effectus
1000 1249 1109 1327 accipit
1127 1262 1162 1310 23

88 1337 182 1398 baec:
211 1335 383 1398 ScamonIae
406 1335 432 1396 X
451 1335 529 1418 VHI,
553 1339 663 1397 veratri
686 1339 764 1415 nigri
787 1336 909 1418 XVIII,
934 1338 1108 1399 cucurbitae

89 1425 240 1487 siIvestris
263 1427 406 1487 interiora
430 1425 455 1485 X
473 1424 551 1506 VIII,
575 1426 711 1487 atronitri
735 1425 761 1486 X
779 1425 858 1507 VIII,
882 1426 967 1488 iridis
990 1426 1015 1486 X
1033 1425 1107 1506 Vlll,

88 1515 181 1575 nardi
204 1514 340 1594 Syriacae
363 1513 432 1574 XV
452 1513 471 1574 S
493 1523 523 1576 et
541 1516 689 1576 victoriati
707 1523 822 1594 partem
840 1518 969 1594 tertiam,
992 1533 1108 1594 myrrae

46 1621 74 1662 15
90 1603 175 1664 idem
197 1603 346 1683 ponderis.
378 1602 479 1664 Pulvis
503 1621 540 1664 ex
562 1603 610 1664 bis
629 1603 726 1664 sactus
745 1602 832 1663 melle
851 1602 1014 1683 colligitur3
1037 1603 1108 1662 dan·

88 1701 143 1754 tur
167 1710 203 1752 ex
221 1691 436 1753 medicamento
455 1691 512 1752 boc
531 1691 652 1772 globuli,
672 1698 815 1771 qnantum
834 1691 917 1752 labae
936 1691 1108 1770 magnitudo

88 1788 147 1864 est,
167 1781 203 1842 ad
222 1779 317 1841 XIIII
335 1780 382 1841 vel
395 1779 429 1863 V,
449 1780 558 1860 quibus
578 1781 726 1841 devoratis
745 1786 862 1840 acetum
880 1779 966 1840 melle
981 1782 1109 1840 mixtum

89 1869 315 1948 superdandum
339 1877 392 1930 est.

181 1957 227 2018 Ad
251 1976 368 2019 omnem
392 1957 556 2019 molestiam
580 1957 709 2019 tebrium
737 1965 768 2018 et
790 1956 826 2017 ad
849 1956 952 2018 lateris
975 1956 1108 2018 dolorem
1127 1970 1161 2018 24

48 2064 75 2104 ao
92 2065 164 2108 cum
191 2046 281 2122 febri,
309 2049 380 2108 item
409 2047 445 2107 ad
472 2046 642 2108 lumborum
668 2045 801 2107 dolorem
823 2046 982 2108 molestum
1006 2055 1036 2108 et
1058 2046 1107 2108 ad·

92 2153 200 2197 versus
223 2134 355 2215 quuores
379 2134 543 2214 glutinosos
567 2143 598 2196 et
616 2139 728 2215 spissos
745 2153 801 2216 per
819 2141 953 2197 ventrem
972 2136 1107 2215 digeren-

92 2225 147 2286 dos
171 2235 253 2285 recte
277 2223 396 2285 dabitur
418 2223 475 2284 boc
498 2224 750 2287 medicamentum
773 2227 830 2287 sic:
856 2225 1035 2286 Cucurbitae
1060 2225 1107 2286 sil-

91 2316 207 2374 2211222
235 2315 393 2374 interlores
421 2321 521 2391 partes
545 2314 656 2393 aridas,
684 2332 759 2394 quae
788 2316 873 2393 quasi
899 2314 1000 2394 pluma
1028 2322 1107 2394 sunt,

91 2401 193 2481 XVI,
222 2403 303 2463 croci
331 2419 364 2462 ac
391 2403 512 2481 panacIs
539 2401 566 2461 X
594 2421 695 2482 senos,
722 2400 868 2463 marrubii
894 2405 960 2462 suci
982 2402 1009 2460 X
1033 2399 1107 2480 VIII,

50 2507 77 2548 aa
92 2490 294 2571 glycyrrhizae
317 2490 344 2550 X
362 2489 424 2572 IIII,
447 2492 560 2570 piperis
583 2491 642 2551 albi
665 2490 755 2570 XVI,
778 2491 890 2569 piperis
913 2489 994 2567 longi
1016 2489 1107 2570 XVI,

91 2579 269 2641 stoechades
292 2578 319 2638 X
342 2578 392 2661 VI,
417 2579 540 2640 schoeni
562 2578 645 2639 lloris
670 2577 786 2658 XIIII,
809 2577 985 2638 malobathri
1008 2576 1106 2638 XIII.

90 2668 183 2728 Passo
207 2667 387 2746 colliguntur
411 2669 480 2728 trita
502 2667 576 2728 baec
600 2669 707 2749 omnia,
730 2666 839 2727 dantur
862 2684 898 2726 ex
920 2665 969 2726 bis
992 2665 1106 2726 denarii

91 2757 203 2836 singuli
227 2775 295 2818 cnm
319 2774 412 2836 aquae
436 2755 547 2817 calidae
571 2755 685 2836 cyathis
707 2755 786 2815 binis
807 2754 855 2815 rel
877 2756 981 2815 ternis.

184 2843 309 2906 Solvunt
330 2853 464 2906 ventrem
489 2847 677 2925 superposita
700 2844 787 2904 baec:
815 2843 998 2904 Cucumeres
1021 2842 1106 2904 silva·
1126 2856 1159 2904 25

49 2951 76 2990 so
91 2935 169 2994 ticos
187 2941 321 2995 maturos
340 2934 458 2994 arefieri
475 2941 603 3016 oportet,
621 2934 728 2995 deinde
748 2940 889 2994 contusos
905 2932 972 2994 telle
986 2935 1105 2994 taurino

92 3025 251 3102 conspergi
278 3029 367 3101 atque
393 3021 547 3102 emplastri
568 3023 657 3084 modo
680 3021 767 3084 inlini
790 3021 887 3082 alutae
910 3029 962 3082 aut
983 3022 1105 3083 linteolo

91 3113 188 3192 spisso
216 3111 252 3172 ad
280 3111 515 3190 magnitudinem
541 3113 702 3192 digitorum
726 3118 880 3192 quattuor,
908 3118 942 3172 ut
964 3110 1106 3171 umbilico

91 3207 206 3261 tantum
231 3218 429 3282 superponas3
459 3202 538 3279 qttod
562 3204 662 3262 statim
685 3198 848 3262 tollendum
871 3201 937 3280 erit,
960 3198 1013 3258 nbi
1036 3217 1104 3259 ven·

181 3358 196 3406 1
225 3353 365 3422 globolus.
479 3357 495 3406 5
524 3353 644 3426 elaterii]
670 3351 778 3409 alterni
888 3357 921 3406 15
945 3350 1103 3422 collegitur.

90 3429 125 3478 20
140 3423 281 3480 adversos.
372 3430 405 3478 21
425 3423 595 3494 gluttinosis.
687 3431 722 3479 23
740 3422 890 3478 interioris.
977 3427 1012 3475 24
1030 3440 1105 3477 mar·

89 3493 244 3622 {grisiam¹
280 3501 315 3552 26
343 3495 501 3565 clyoerizae.
611 3495 670 3551 albi
698 3495 737 3550 VI
765 3497 870 3613 omisso*
893 3494 1004 3549 2122222·
1029 3501 1104 3551 nota.
