2609 4017
574 164 816 230 -192-

187 325 234 386 vel
262 344 351 405 quam
380 344 484 387 zonam
507 333 612 388 vocant
640 325 717 387 bene
746 326 816 387 lacit
843 324 910 386 data
938 342 975 384 ex
1004 341 1078 402 aqua
1107 323 1204 385 mulsa

186 415 320 476 detracto
348 417 433 494 prius
461 417 619 494 sanguine,
645 417 672 475 si
699 433 748 476 res
772 412 978 495 postulaverit,
1007 411 1086 492 quod
1118 420 1148 473 et
1172 414 1204 474 in

187 503 326 564 omnibus
344 504 410 564 aliis
429 505 509 565 vitiis
528 522 619 583 supra
637 503 726 564 dietis
741 501 908 564 iaciendum
923 509 982 582 est,
1004 503 1102 562 onmia
1122 503 1204 560 enim

185 592 293 652 auxilia
323 591 488 654 adhibenda
516 601 600 672 sunt,
627 611 704 672 quae
732 611 768 653 ex
796 609 852 662 usu
880 590 1023 670 prodesse
1049 597 1204 668 comperta

185 679 339 762 habemus,
366 683 435 760 qnia
457 681 558 742 adiuta
580 681 731 742 antidotus
754 681 901 742 faciliores
923 677 1045 740 habebit
1068 677 1228 738 effectuss

134 783 166 832 13
275 769 394 849 Recipit
407 787 477 849 ergo
491 769 578 832 haece
598 768 836 851 Chamaedropis,
855 786 931 850 quae
945 766 1037 828 herba
1053 765 1202 827 simillima
1292 753 1293 836 l

186 876 300 939 quercu
328 857 398 918 lolia
425 857 528 939 habet,
562 861 685 939 agarici,
719 858 892 944 cucurbitae
920 854 1079 935 silvestris,
1114 872 1202 934 quiam
1292 859 1293 864 ’

189 946 425 1027 colocynthidam
452 947 613 1028 appellant,
641 947 822 1030 stoechadis,
849 944 1034 1024 singulorum
1063 943 1202 1005 denarios

185 1036 288 1117 denos,
307 1039 494 1117 opopanacis,
514 1039 663 1118 sagapeni,
681 1036 864 1118 petroselini,
882 1042 981 1095 terrae
994 1032 1073 1114 mali,
1087 1032 1201 1111 piperis

186 1124 257 1206 albi,
285 1126 469 1205 singulorum
493 1125 631 1188 denarios
660 1128 780 1207 quinos,
808 1124 950 1205 cinnami,
978 1121 1064 1182 nardi
1092 1122 1202 1200 spicae,
1215 1137 1239 1176 ro

185 1233 317 1294 myrrae,
344 1214 420 1295 lolii,
449 1216 544 1294 croci,
572 1214 758 1293 singulorum
785 1214 923 1277 denarios
952 1218 1122 1290 quaternos.
1168 1207 1201 1268 ln

185 1321 279 1364 unum
297 1305 395 1363 omnia
414 1302 572 1382 diligenter
591 1302 753 1383 ponderata
775 1301 1000 1365 contunduntur
1019 1307 1049 1359 et
1068 1297 1201 1360 cribran-

185 1399 235 1452 tur
262 1398 381 1470 praeter
409 1410 607 1471 opopanacem
635 1400 666 1453 et
694 1409 873 1472 sagapenum
901 1397 931 1450 et
956 1405 1099 1469 myrram,
1127 1386 1201 1446 baec

185 1482 264 1540 enim
294 1481 436 1541 mortario
464 1482 522 1542 teri
554 1480 664 1542 debent
702 1481 817 1542 adiecto
849 1477 934 1541 melle
963 1477 1061 1556 tenui,
1096 1474 1127 1535 id
1155 1485 1202 1535 est

186 1587 274 1648 quam
297 1567 511 1650 liquidissimo;
534 1569 641 1630 deinde
670 1572 779 1630 ceteris
807 1570 1040 1649 permiscentur,
1067 1581 1141 1644 quae
1172 1573 1241 1624 et1s

185 1659 249 1736 ipsa
272 1660 408 1738 recipere
430 1657 541 1719 debent
564 1666 680 1719 tantum
704 1658 808 1740 mellis,
832 1663 975 1737 quantum
996 1657 1068 1715 satis
1087 1655 1146 1713 erit
1164 1652 1200 1712 ad

184 1746 461 1825 comprehendenda
485 1755 516 1808 et
539 1746 717 1808 continenda
741 1765 774 1808 ea
799 1747 844 1808 vel
868 1742 1107 1822 conglutinanda.
1144 1740 1201 1800 Re·

184 1836 306 1914 ponitur
324 1835 572 1896 medicamentum
592 1854 661 1896 vaso
681 1838 775 1896 vitreo
795 1836 851 1897 snb
870 1831 1032 1914 signaculo,
1052 1831 1147 1910 datur,
1169 1839 1202 1889 ut

184 1941 275 2001 supra
298 1923 427 1984 diximus
450 1931 481 1984 et
500 1924 748 2003 quemadmodum
768 1925 908 2004 diximus,
927 1939 995 1984 cum
1015 1937 1129 1980 summa
1148 1916 1201 1977 ob-

184 2012 351 2072 servatione
378 2030 433 2091 pro
462 2014 607 2091 cuiusque
634 2015 680 2074 rei
708 2015 806 2074 causis
835 2013 881 2074 vel
907 2011 1056 2072 mensuris
1081 2006 1126 2067 vel
1150 2025 1201 2068 ne·
1215 2023 1241 2063 so

184 2098 388 2180 cessitatibus3
411 2107 457 2160 est
480 2118 605 2179 prorsus
628 2119 756 2183 sacrum,
779 2111 814 2164 ut
836 2111 940 2164 auctor
960 2099 1089 2159 nominis
1107 2095 1200 2156 buius

131 2200 165 2249 14
183 2186 347 2266 appellavit
395 2187 427 2248 Si
459 2188 577 2268 quando
608 2198 708 2252 autem
740 2191 906 2254 efficaciore
941 2186 1122 2248 voluerimus
1156 2185 1202 2245 uti

184 2283 308 2355 propter
325 2276 530 2339 difficultatem
548 2278 714 2340 naturalem
731 2281 871 2341 vitiorum
890 2285 941 2341 eut
959 2292 1116 2337 cansarum
1133 2272 1199 2334 diu-

184 2366 369 2446 turnitatem,
391 2374 425 2428 ut
448 2368 474 2426 si
497 2366 627 2428 dandum
650 2369 690 2428 sit
713 2367 835 2429 furiosis
858 2377 910 2429 aut
933 2363 1075 2427 comitiali
1094 2360 1200 2424 morbo

185 2456 332 2533 correptis
349 2454 396 2516 vel
413 2454 583 2517 lumborum
602 2464 781 2535 perpetuum
801 2457 933 2518 dolorem
951 2452 1129 2515 habentibus
1148 2470 1200 2531 po·
1216 2471 1244 2511 ss
1294 2477 1295 2516 t

184 2543 309 2621 dagrave
333 2546 484 2624 cruciatis,
507 2544 680 2606 cucurbitae
704 2545 849 2608 silvestris
871 2545 1034 2608 adiciemus
1053 2541 1089 2602 ad
1109 2559 1200 2620 supra

183 2631 262 2693 dicta
290 2632 421 2712 pondera
449 2634 587 2695 denarios
615 2633 719 2694 decem
746 2642 777 2695 et
803 2633 983 2715 opopanacis
1006 2642 1094 2710 atque
1118 2647 1201 2709 saga·

184 2723 255 2799 peni
277 2722 415 2784 denarios
439 2725 559 2804 quinos3
588 2722 780 2801 quamobrem
810 2730 937 2804 utraque
965 2729 1067 2801 parata
1090 2718 1202 2780 debent

184 2827 251 2869 esse
275 2809 504 2891 medicamenta,
532 2819 578 2892 ut,
607 2830 675 2873 euna
704 2830 780 2891 opus
808 2813 912 2893 fuerit,
940 2829 1013 2872 usus
1042 2810 1201 2887 utriusque

184 2898 215 2956 in
248 2905 388 2976 promptu
420 2901 468 2960 sit.
520 2899 595 2961 lllud
632 2918 703 2961 sane
741 2919 811 2980 prae
844 2903 953 2962 ceteris
987 2898 1058 2959 mibi
1093 2896 1199 2959 credas
1213 2917 1243 2957 so

184 2983 286 3065 velim,
312 2985 384 3047 dum
410 2989 442 3047 in
470 2987 534 3048 aliis
562 2987 653 3049 rebus
681 2991 745 3070 ipse
774 2991 832 3050 vim
861 2992 926 3051 eius
955 2988 1115 3067 experiris,
1141 2986 1201 3046 hoc

184 3073 400 3135 medicamento
432 3093 492 3137 non
520 3075 616 3138 solum
644 3097 705 3139 non
735 3081 837 3140 noceri
865 3077 1063 3155 stomachum,
1095 3092 1203 3136 verum

185 3163 274 3223 etiam
297 3164 380 3224 retici
403 3172 434 3225 et
456 3165 627 3226 confirmari
650 3186 741 3247 supra
764 3170 896 3228 omnium
920 3168 1100 3247 opinionem.

134 3263 167 3313 16
275 3250 532 3330 Medicamentum,
551 3255 630 3333 quod
650 3258 771 3334 proprie
790 3257 933 3318 adversus
948 3254 1127 3317 solutionem
1141 3261 1205 3315 sto·

188 3499 195 3511 .
276 3464 292 3513 6
311 3458 535 3531 chamaedropis]
554 3463 728 3531 χαμαίδρυος
747 3462 872 3519 Scribere.
927 3469 943 3518 8
960 3461 1204 3534 colocynthidam]

186 3530 379 3582 antonovdlde
397 3529 523 3585 Scribere.
595 3538 628 3587 31
647 3533 731 3587 rebus
750 3549 800 3589 om.
820 3531 946 3590 Stridore
1294 3541 1295 3558 ¹
