2609 4017
494 171 732 235 -173-

101 333 214 393 inulam
238 336 389 412 rusticam,
414 333 534 412 quidam
557 331 636 394 alum
656 331 800 394 Gallicum
828 344 941 412 vocant,
964 333 1023 394 lota
1045 333 1117 394 haec

100 440 178 500 aqua
197 422 304 499 lrigida
323 430 354 482 et
371 441 438 482 rasa
457 421 578 482 cultello
597 421 730 483 eburneo
750 422 796 482 vel
815 439 909 482 osseo.
940 422 1033 482 Datur
1052 440 1116 483 sex-

101 520 168 571 tans
197 510 290 571 librae
318 528 355 571 ex
383 529 417 571 ea
444 520 496 572 aut
523 529 558 571 eo
587 511 714 590 amplius
741 511 788 572 vel
816 519 959 590 quantum
987 513 1118 590 potuerit

101 599 192 659 debet
219 599 398 660 manducare
426 607 457 660 et
484 599 626 661 devorare
654 602 705 660 cui
728 615 803 679 opus
831 607 890 680 est3
917 603 1118 679 nequeenim

75 706 201 748 samara
226 697 281 749 est.
311 688 436 768 Oportet
453 696 553 749 autem
572 707 607 749 eo
626 688 675 749 die
694 697 812 749 acetum
831 706 891 749 non
910 697 1019 768 gustet,
1038 689 1117 768 quod

99 777 255 838 interdum
273 795 328 856 per
347 795 379 838 se
398 776 495 838 solum
513 778 669 855 magnifice
689 777 765 838 solet
783 777 937 860 prodesse,
955 778 1007 839 sed
1026 777 1116 839 huius

100 866 212 926 radicis
236 866 374 927 ellectum
397 866 528 946 resolvit,
551 869 577 926 si
600 885 669 927 cum
692 885 726 927 ea
750 866 846 926 detur.

190 954 272 1015 Bene
291 955 361 1015 lacit
379 955 415 1015 ad
435 956 562 1015 arteriae
581 958 770 1033 eruptionem
788 954 927 1034 polygoni
946 972 1037 1016 sucus
1051 974 1116 1035 cya-
1137 968 1171 1017 22

98 1044 224 1104 thorum
246 1043 339 1104 duum
363 1053 415 1104 aut
437 1046 528 1104 trium
552 1061 606 1122 per
628 1044 763 1104 triduum
785 1043 872 1105 datus
891 1051 921 1109 et
939 1043 1117 1124 plantaginis

61 1152 87 1190 ιο
100 1135 190 1193 tritae
215 1132 320 1193 eodem
342 1132 430 1193 modo
454 1132 541 1193 datus
564 1150 657 1193 sucus
679 1131 841 1211 plurimum
860 1132 996 1213 prodest,
1018 1140 1117 1194 cretae

99 1239 222 1300 quoque
246 1221 360 1282 Samiae
384 1220 410 1281 ll
433 1239 512 1281 unus
536 1228 674 1300 sumptus
698 1240 734 1281 ex
756 1239 850 1300 aquae
874 1221 998 1302 lrigidae
1018 1223 1117 1301 rigore

99 1311 237 1370 detracto
256 1310 369 1390 cyathis
383 1310 481 1371 tribus
495 1310 675 1370 validissime
689 1313 783 1391 iuvat3
802 1310 912 1371 herbae
931 1311 1020 1372 etiam
1034 1310 1115 1390 poly-

99 1401 182 1479 goni,
205 1417 291 1479 2222,
315 1406 347 1458 21
370 1399 486 1478 opinor,
509 1401 628 1460 tiniaria
646 1406 778 1479 vocatur,
797 1399 967 1480 fasciculus
987 1407 1116 1478 quantus

98 1505 192 1548 manu
220 1486 423 1566 conprehendi
453 1490 561 1568 possit,
593 1490 624 1547 in
653 1487 751 1548 tribus
783 1488 911 1548 beminis
943 1506 1036 1566 aquae
1068 1488 1117 1549 de·

60 1595 86 1636 22
99 1586 206 1637 coctus
235 1577 271 1636 ad
299 1579 404 1637 tertias
435 1585 518 1638 recte
549 1575 688 1638 medetur
716 1579 867 1656 eruptioni
899 1578 1050 1655 sanguinis
1082 1594 1117 1636 er

98 1666 230 1744 arteriis,
254 1667 280 1724 si
304 1667 372 1745 quis
395 1664 464 1726 inde
485 1665 632 1727 laboranti
650 1664 771 1745 cyathos
790 1672 853 1724 tres
872 1665 972 1724 ieiuno
991 1681 1045 1743 per
1064 1666 1116 1724 tri·

98 1754 195 1815 duum
223 1753 347 1816 dederit.
394 1754 520 1834 Oportet
551 1763 652 1815 autem
682 1755 824 1814 sentienti
850 1751 958 1812 vulnus
990 1754 1117 1813 interius
1137 1764 1170 1812 23

97 1842 165 1903 1222
194 1844 261 1921 ipso
289 1844 341 1903 sed
370 1861 387 1902 a
408 1843 483 1905 foris
506 1844 659 1922 slongeam
683 1860 751 1902 cum
774 1859 850 1920 aqua
874 1841 980 1920 frigida
1002 1845 1118 1902 recenti

98 1933 247 2010 inponere
266 1931 312 1991 vel
330 1950 367 1992 ex
385 1943 469 1993 aceto
488 1935 560 2013 acri,
583 1932 635 1992 sed
656 1932 829 2010 frequenter
847 1937 973 2009 mutare,
991 1949 1029 1991 ne
1049 1949 1117 1991 oon·

59 2040 85 2079 ao
99 2020 244 2081 calefacta
267 2029 382 2101 noceat,
405 2031 436 2082 et
457 2027 557 2082 vetare
581 2028 665 2082 artus
686 2021 860 2101 constringi,
884 2019 963 2099 quod
982 2019 1117 2100 plerique

97 2109 287 2170 medicorum
305 2109 419 2171 iaciunt
437 2113 618 2191 ignorantes,
637 2111 706 2189 quia
722 2111 864 2170 incitatur
879 2111 1031 2187 sanguinis
1051 2128 1117 2170 eru·

97 2200 161 2277 ptio
182 2197 388 2260 musculorum
411 2191 643 2278 dompressione,
668 2198 906 2277 quandoquidem
929 2201 1026 2259 omnis
1049 2217 1117 2259 con-

98 2289 217 2348 strictio
241 2289 273 2347 in
296 2295 453 2367 utramque
477 2296 591 2366 partem
616 2289 756 2367 exprimit
780 2305 891 2348 venam.

190 2374 318 2437 Faciunt
337 2384 367 2437 et
385 2379 548 2456 composita
566 2376 783 2436 medicamenta
801 2374 837 2435 ad
860 2378 1012 2453 sanguinis
1032 2394 1118 2455 erup·
1137 2386 1172 2434 24

59 2481 85 2520 as
98 2466 223 2545 tionem,
247 2483 376 2543 quorum
398 2465 456 2526 hoc
482 2473 528 2526 est
550 2467 759 2544 praecipuum:
782 2465 906 2524 Acaciae
933 2467 998 2524 suci
1020 2466 1117 2542 uncia,

98 2553 315 2636 hypocistidos,
339 2556 391 2633 qui
413 2565 460 2615 est
476 2573 567 2615 sucus
586 2571 673 2614 rosae
693 2551 851 2632 silvaticae,
875 2569 963 2630 quam
983 2553 1117 2611 caninam

99 2642 223 2720 quidam
246 2650 365 2722 vocant,
388 2646 489 2724 uncia,
511 2643 652 2722 balausti,
679 2642 732 2720 qui
755 2650 801 2699 est
824 2638 879 2699 llos
902 2636 971 2699 mali
994 2641 1118 2718 granati,

100 2749 160 2809 quo
181 2732 301 2791 coriarii
320 2739 455 2811 utuntur,
473 2734 571 2810 uncia,
590 2733 641 2809 opi
660 2730 821 2790 semuncia.
850 2727 1033 2789 Balaustium
1048 2745 1116 2788 con-

98 2819 241 2880 tunditur
259 2827 290 2880 et
308 2819 457 2882 cribratur
475 2821 523 2881 vel
540 2823 654 2881 siccum
673 2821 704 2879 in
723 2819 866 2877 mortario
882 2818 999 2896 teritur,
1018 2824 1117 2877 cetera

60 2924 87 2964 eo
100 2907 199 2988 pridie
227 2918 376 2970 macerem
403 2911 434 2970 in
463 2926 539 2989 aqua
566 2911 799 2969 commiscentur
827 2906 984 2985 diligenter
1012 2914 1043 2967 et
1068 2926 1118 2986 pa-

101 2997 175 3057 stilli
197 2997 267 3058 inde
291 2998 458 3079 finguntur,
486 2998 607 3077 quidam
636 2999 776 3076 maiores,
800 2996 920 3074 quidam
943 2996 980 3056 ad
1004 2995 1119 3057 denarii

100 3088 272 3167 semissem,
299 3086 409 3148 dantur
436 3087 561 3148 resoluti
586 3087 668 3146 iuxta
692 3094 818 3146 aetatem
841 3085 887 3146 vel
910 3087 1050 3146 virtutem
1074 3087 1117 3145 in·

99 3175 182 3235 firmi
209 3194 246 3235 ex
274 3193 367 3256 aquae
395 3176 519 3255 frigidae
547 3175 661 3255 cyathis
688 3173 785 3234 tribus
813 3183 864 3235 aut
892 3173 1016 3234 duobus.
1063 3171 1117 3233 llio

99 3263 237 3344 pastillus
265 3265 341 3325 bene
369 3265 440 3326 iacit
467 3275 498 3326 et
525 3266 560 3325 ad
590 3263 787 3344 dysintericos
816 3272 846 3323 et
869 3262 906 3322 ad
929 3264 1117 3322 torminosos.

193 3400 256 3454 121
270 3417 325 3470 pro
343 3401 427 3458 21222.
506 3401 706 3456 auertentem.
781 3403 813 3450 12
833 3395 1011 3450 valedisaimo
1029 3395 1117 3451 iubat.

100 3477 136 3524 22
155 3471 334 3540 quandoque.
388 3478 423 3528 27
441 3471 638 3542 malogranati.
702 3473 736 3523 28
755 3483 811 3536 quo
832 3465 955 3536 coriarii]
975 3465 1117 3534 quoriarii.

100 3548 137 3597 28
154 3542 352 3597 balaustium„
426 3549 461 3597 34
480 3543 665 3598 disintericos.
