2609 4017
583 127 823 191 -260-

140 304 175 353 37
284 290 328 351 Ad
356 292 473 351 renium
501 288 635 351 dolorem
658 289 768 351 herbae
792 290 958 350 vettonicae
981 290 1071 349 tritae
1094 287 1208 367 pondus

195 380 387 440 denariorum
415 379 542 440 duorum
571 398 642 439 sano
672 397 709 439 ex
735 378 845 459 mulso,
871 377 1054 439 febricitanti
1077 394 1113 437 ex
1138 394 1210 455 aqua

139 482 175 532 38
195 468 288 530 calida
316 468 479 529 hibendum
507 468 585 528 dato.
627 467 833 547 chamaepitys
861 485 898 527 ex
925 468 994 527 vino
1021 468 1092 527 trita
1121 473 1209 544 atque

140 560 234 621 coita
263 565 333 637 pota
361 557 523 635 plurimum
550 557 673 636 prodest
701 560 820 617 renium
848 556 952 616 dolori.
993 554 1146 616 Bacarum
1164 572 1211 614 cu·

195 648 294 725 pressi
317 645 456 706 viridium
480 648 677 707 contritarum
701 664 792 706 sucus
816 644 930 705 colatus
954 662 1022 705 cum
1041 646 1110 704 rino
1128 645 1233 722 potuit

195 735 282 796 datus
301 736 376 794 mire
395 736 513 795 renium
532 734 629 795 dolori
647 734 793 816 medetur,
811 736 853 794 ita
871 741 914 814 ut,
934 734 961 793 si
974 751 1098 794 necesse
1113 732 1211 810 fuerit,

193 842 249 902 per
272 822 345 884 alios
369 841 475 883 novem
498 823 563 884 dies
586 823 712 884 adaucto
735 840 861 884 numero
885 822 1027 883 bacarum
1046 830 1077 882 et
1094 824 1211 898 iterum,

194 914 220 972 si
243 914 283 972 ita
307 930 383 991 opus
407 912 507 994 luerit,
530 931 584 992 per
608 911 682 972 alios
704 930 812 972 novem
831 912 895 972 dies
914 911 1069 971 deminuto
1087 928 1210 971 numero

195 1001 292 1077 detur,
313 1020 468 1081 quousque
487 1001 523 1061 ad
542 1019 631 1062 unam
651 1001 754 1061 bacam
772 1001 855 1079 potio
869 1018 1075 1079 numerusque
1090 999 1209 1060 descen·

195 1089 257 1171 dat3
281 1090 334 1150 sed
357 1092 536 1170 interposito
559 1108 619 1151 uno
642 1090 690 1150 die
710 1089 799 1150 debet
822 1108 888 1150 esse
907 1091 1099 1149 commutatio
1119 1090 1244 1167 potio-10

141 1190 175 1239 40
194 1180 242 1239 nis
266 1179 302 1239 de
325 1181 438 1239 maiore
461 1179 498 1239 ad
521 1181 668 1239 minorem
690 1179 821 1239 modum.
858 1178 970 1238 Lanam
993 1177 1129 1238 sucidam
1147 1179 1211 1257 pice

196 1267 308 1345 liquida
326 1267 419 1327 inline
439 1276 469 1328 et
488 1267 629 1329 umbilico
643 1270 764 1347 inpone,
782 1269 883 1328 statim
898 1268 1016 1327 renium
1031 1266 1117 1326 dolor
1130 1265 1211 1326 seda·

142 1366 175 1413 41
195 1355 285 1416 hitur.
320 1355 478 1416 Artemisia
497 1355 589 1416 herba
608 1365 664 1437 est,
688 1374 776 1435 quam
795 1355 905 1416 Gallice
924 1355 1094 1417 hrioumum
1114 1354 1210 1434 appel-

195 1444 270 1525 lant3
297 1443 374 1504 hanc
403 1444 455 1504 uhi
480 1456 619 1506 nascatur
646 1447 769 1524 require
799 1454 829 1506 et
856 1446 1005 1505 inventam
1034 1462 1121 1504 mane
1144 1453 1211 1503 ante

196 1532 267 1593 solis
291 1541 389 1594 ortum
414 1535 533 1594 sinistra
557 1552 646 1595 manu
669 1533 808 1594 extrahes
832 1541 921 1594 etex
945 1552 979 1593 ea
1001 1532 1100 1593 nudos
1123 1550 1210 1593 rencs
1223 1546 1243 1585 1⁵

195 1624 384 1703 praecinges3
412 1641 471 1702 quo
500 1623 577 1683 lacto
606 1622 749 1701 singulari
779 1630 809 1683 et
836 1631 1050 1701 praesentaneo
1079 1621 1210 1682 remedio

143 1720 177 1769 42
196 1713 300 1772 uteris.
348 1711 418 1772 Pice
446 1712 557 1792 liquida
584 1710 707 1790 pollices
731 1720 790 1772 tam
815 1711 926 1790 pedum
954 1729 1043 1790 quam
1070 1728 1212 1771 manuum

197 1799 233 1860 ah
267 1800 417 1879 unguibus
450 1820 546 1880 usque
575 1801 611 1861 ad
643 1803 739 1880 prima
771 1800 966 1861 articulorum
993 1802 1078 1860 initia
1105 1798 1212 1860 inlines

197 1897 228 1949 et
251 1888 383 1949 chartam
409 1907 608 1970 superpones,
635 1891 714 1950 intra
741 1889 876 1950 triduum
903 1891 945 1949 ita
971 1888 1115 1949 sanabere
1139 1887 1212 1948 lum·

197 1976 305 2037 horum
328 1977 443 2059 dolore,
471 1987 505 2038 ut
533 1997 589 2059 per
616 1978 748 2057 singulas
771 1986 876 2038 noctes
899 1978 1078 2038 detrimenta
1101 1976 1246 2037 dolorisn

196 2064 359 2143 intellegas.

144 2162 178 2211 43
287 2151 344 2222 Qui
372 2155 490 2213 renium
513 2153 615 2215 dolore
638 2154 807 2237 vexabitur,
829 2158 861 2216 in
885 2155 987 2216 charta
1009 2155 1079 2215 rudi
1102 2154 1214 2215 scribat

198 2240 386 2301 characteres
412 2243 491 2303 intra
519 2246 647 2323 scriptos
676 2253 706 2305 et
734 2262 807 2304 auro
834 2244 882 2304 vel
909 2262 1003 2324 cupro
1026 2244 1162 2304 includat
1185 2251 1214 2303 et

144 2340 179 2388 44
199 2332 277 2390 circa
297 2348 384 2391 renes
403 2324 511 2412 alliget,
529 2334 606 2393 miro
624 2333 757 2393 remedio
772 2341 887 2394 utetur:
905 2335 1099 2414 καραβραωθ.
1129 2332 1214 2393 Passi

199 2418 308 2480 Cretici
332 2420 453 2499 cyathos
476 2428 552 2501 tres,
575 2421 660 2482 lactis
684 2424 809 2502 capruni
831 2422 948 2502 itidem,
975 2424 1098 2482 seminis
1122 2436 1247 2482 cusu-2⁵

199 2510 290 2569 meris
318 2526 408 2588 grana
432 2508 555 2570 XXXlll
582 2512 694 2589 optime
722 2513 792 2572 trita
820 2510 909 2572 simul
934 2529 992 2571 una
1015 2513 1138 2591 potione
1165 2512 1215 2590 qui

199 2597 318 2678 biberit,
341 2598 510 2659 absolvetur
532 2601 650 2659 renium
674 2598 785 2660 dolore.

145 2696 180 2745 to
288 2686 468 2765 Molllginem
496 2705 532 2747 ex
559 2690 627 2748 vino
656 2689 767 2767 optimo
790 2687 872 2749 hibat
896 2690 948 2767 qui
970 2689 1089 2749 renium
1112 2687 1214 2748 dolore

200 2775 362 2856 vexabitur,
382 2776 539 2837 confestim
558 2794 648 2837 sanus
668 2778 739 2859 erit3
759 2794 865 2838 sucum
880 2795 998 2856 quoque
1013 2776 1124 2837 radicis
1138 2795 1214 2837 ama-

200 2882 251 2924 rae
275 2881 343 2924 com
367 2864 453 2924 melle
476 2868 601 2926 mixtum
624 2864 707 2926 hibat
729 2868 848 2927 ieiunus
871 2865 918 2926 vel
941 2884 976 2926 ex
996 2867 1064 2926 vino
1083 2874 1248 2947 austerqso

146 2962 180 3009 46
201 2954 299 3012 statim
319 2951 541 3014 remediahitur.
571 2954 761 3015 Artemisiam
775 2955 884 3015 tundes
899 2963 929 3015 et
943 2974 1012 3015 cum
1026 2954 1114 3033 adipe
1129 2954 1215 3016 suilla

200 3049 252 3101 aut
276 3039 407 3119 qualibet
429 3049 528 3101 vetere
553 3042 673 3121 subigas
697 3052 727 3104 et
746 3062 843 3122 panno
863 3043 1014 3104 inductam
1032 3062 1088 3123 pro
1109 3043 1214 3123 malag·

147 3140 180 3190 tt
201 3138 279 3191 mate
297 3128 420 3190 renibus
438 3132 557 3209 inpone.
592 3130 708 3212 Mulier,
732 3150 807 3212 quae
829 3134 962 3210 geminos
980 3134 1107 3213 peperit,
1127 3151 1214 3193 renes

201 3219 335 3280 dolentes
358 3220 717 3301 supercalcetcontinuo
741 3220 863 3281 sanabit.
1284 3233 1285 3302 l

291 3432 305 3477 1
326 3425 430 3497 dolore,
448 3428 511 3483 ium
530 3432 555 3481 4.
647 3434 663 3480 6
683 3426 707 3479 si
725 3443 774 3482 om.
849 3435 864 3483 7
884 3427 995 3483 adlecto
1012 3444 1065 3497 pro
1083 3428 1211 3483 adaucto.

203 3501 236 3549 12
256 3495 407 3551 umbiculo.
482 3503 513 3551 13
533 3495 706 3551 ertimisiem.
780 3504 814 3552 23
836 3498 962 3569 scriptus.
