2609 4017
575 188 730 254 -330
778 224 815 234 —

187 352 267 432 XII,
291 369 394 413 soreos
417 353 478 414 usti
501 350 580 430 XII,
603 353 814 430 auripigmenti
837 350 917 411 IIII.
954 349 1033 412 ilaec
1055 359 1206 413 teruntur

187 441 346 520 diligenter
373 449 461 520 atque
488 443 520 501 in
547 442 757 502 tenuissimum
784 439 938 519 pulverem
964 441 1145 520 rediguntur
1174 450 1209 502 et

187 533 231 592 sic
250 549 293 606 ea,
313 539 346 591 ut
364 530 434 608 dixi,
452 529 730 590 haemorrhoidibus
748 531 953 608 Inprimuntur
965 529 1113 610 undique3
1131 538 1208 608 post

186 619 243 681 hoc
262 627 352 680 tenue
371 617 496 697 simplex
514 636 615 679 rasum
633 617 788 679 linteolum
807 620 911 697 inponi
929 625 1046 698 oportet
1062 626 1094 678 et
1107 637 1205 698 super

186 708 243 769 hoc
266 724 373 788 panem
396 715 573 786 autopyrum
596 725 633 768 ex
656 725 732 785 aqua
754 715 936 769 maceratum
958 715 989 768 et
1006 709 1112 768 tritum
1129 723 1234 769 rosas

186 797 246 858 illic
274 814 329 875 pro
359 795 423 856 oIeo
451 794 573 857 adiecta.
614 795 678 857 IIoc
701 796 917 862 medIcameuto
939 798 1004 857 sine
1029 814 1137 874 magno
1161 797 1203 858 In·

185 884 258 946 bore
277 887 356 946 circa
376 887 536 964 septimum
555 884 633 946 diem
652 885 759 946 cadere
777 894 927 964 coguntur
945 885 1202 948 haemorrhoides.

185 973 311 1052 Oportet
333 981 432 1035 autem
456 973 502 1034 bis
525 974 573 1034 die
595 992 703 1053 panem
725 975 841 1055 inponi,
866 991 1090 1052 nonnumquam
1113 982 1145 1035 et
1169 977 1203 1036 iu

185 1071 317 1145 noctem,
340 1065 367 1124 si
389 1066 468 1125 circa
492 1081 542 1124 eas
564 1065 733 1124 tensionem
755 1065 895 1143 senseris,
918 1070 1024 1141 quarto
1047 1062 1097 1124 die
1119 1067 1202 1125 auri-

185 1151 297 1231 scalpio
328 1171 444 1233 averso,
477 1170 565 1232 quam
596 1159 714 1230 partem
745 1151 917 1231 cyathiscon
944 1151 1050 1212 Graeci
1082 1162 1201 1235 vocant,
1215 1171 1245 1208 ιο

185 1243 296 1302 sensim
324 1249 469 1320 temptare
497 1258 530 1301 ac
557 1259 677 1301 movere
710 1259 773 1320 eas,
806 1259 866 1319 quo
893 1240 1023 1301 celerius
1050 1241 1200 1304 excidant

184 1327 247 1390 Hoc
265 1329 514 1390 medicamentum
533 1347 651 1389 omnem
671 1347 791 1391 carnem
810 1347 847 1389 ex
865 1332 946 1389 omui
961 1339 1046 1408 parte
1060 1334 1200 1410 corporis
1300 1402 1301 1407 η

184 1417 383 1479 exulceratam
407 1425 438 1479 et
461 1427 684 1479 excrescentem
708 1420 773 1478 siue
795 1436 901 1497 magno
924 1436 1027 1479 morsu
1050 1419 1136 1481 tottit

148 1521 164 1570 ‘1
272 1506 406 1568 Pulveris
421 1506 608 1569 Pancratiani
627 1506 774 1568 confectio
795 1506 831 1567 ad
848 1507 989 1585 rhagadia
1007 1507 1054 1568 vel
1070 1508 1199 1570 enocha·
1300 1474 1301 1555 i

184 1595 232 1656 dia
260 1598 316 1658 sica
343 1597 489 1657 Aluminis
517 1595 638 1656 rotundi
666 1594 789 1657 ustulati
812 1603 842 1656 et
864 1598 968 1656 siccati
989 1629 1034 1638 -
1052 1596 1106 1678 III,
1134 1598 1198 1659 alu·
1212 1613 1240 1654 ιε
1300 1598 1301 1621 i

183 1686 272 1745 miuis
296 1685 400 1747 subisti
423 1717 465 1729 -
485 1682 538 1765 III,
565 1686 638 1745 nitri
661 1686 723 1745 usti
746 1677 786 1771 ,Q
806 1683 855 1764 VI,
881 1686 960 1745 aeris
983 1684 1065 1746 horis
1090 1678 1130 1772 ,Q
1151 1686 1199 1746 vt

183 1771 288 1834 Omnia
306 1774 379 1835 haee
398 1775 544 1852 permixta
558 1781 588 1834 et
601 1775 672 1834 trita
688 1772 834 1854 serrabIs3
853 1791 921 1834 cum
935 1773 1080 1834 utendum
1094 1775 1199 1856 fuerit,

183 1881 252 1922 cum
271 1871 354 1923 aceto
373 1865 436 1923 auri
452 1862 560 1923 iuliues
579 1861 739 1923 exochadia
758 1862 804 1922 vel
821 1861 970 1942 rhagadis,
989 1863 1040 1923 sed
1059 1863 1199 1946 adsidue,

182 1960 218 2011 ut
238 1953 317 2012 intra
341 1959 479 2030 quartum
504 1952 582 2012 diem
606 1959 757 2011 sanentur.

145 2052 163 2100 8
270 2039 315 2099 td
343 2041 391 2098 aui
419 2042 488 2100 vitia
516 2047 546 2101 et
573 2048 707 2101 tumores
735 2047 766 2100 et
793 2038 916 2100 vulnera
943 2041 1108 2118 conpositio
1136 2041 1238 2103 siczuo

182 2127 307 2187 Itesiuae
335 2127 553 2188 terebinthinae
582 2121 622 2214 3·
647 2126 768 2202 XXVII,
795 2129 869 2189 visci
897 2121 936 2214 9·
960 2127 1026 2207 XII,
1059 2129 1195 2190 cadmiae

182 2208 222 2301 ,β
242 2213 304 2294 XII,
328 2233 449 2294 spumae
470 2219 586 2295 argenti
604 2210 644 2303 3·
664 2216 752 2296 VIIII,
775 2235 915 2278 cerussae
934 2209 974 2303 ,Q
993 2216 1079 2297 VIIII,
1103 2220 1196 2280 misni

182 2296 222 2390 ,Q
241 2302 331 2384 VIIII,
354 2304 464 2365 herbae
486 2305 676 2386 arnoglossae
700 2298 740 2391 3·
763 2303 830 2385 IIII,
858 2304 918 2366 olei
942 2308 1051 2367 veteris
1076 2305 1195 2368 libram.

180 2392 260 2454 Haec
288 2395 426 2454 universa
454 2402 591 2455 conteres
619 2402 649 2454 et
677 2393 817 2454 miscebis
844 2404 875 2456 et
898 2413 955 2472 per
976 2395 1040 2456 dies
1064 2405 1195 2475 quantos

180 2485 347 2563 oportuerit
370 2482 406 2544 ad
429 2482 528 2546 locum
551 2483 664 2543 doloris
686 2483 826 2562 adpones.
1206 2499 1235 2542 aa

145 2583 161 2632 9
268 2572 326 2633 Ani
344 2573 414 2633 vitia
433 2574 531 2633 omnia
550 2574 661 2651 optime
681 2579 712 2632 et
730 2573 874 2633 citIssIme
892 2581 979 2633 curat
996 2572 1096 2635 oleum
1110 2572 1193 2634 bom·

179 2659 319 2739 bycinum
346 2679 463 2742 verum,
491 2663 517 2721 si
544 2660 668 2721 adsidue
695 2660 766 2720 inde
794 2667 966 2742 tangantur,
992 2664 1034 2722 ita
1056 2670 1090 2722 ut
1113 2664 1193 2723 intra

179 2751 312 2811 triduum
339 2749 386 2810 vel
413 2749 612 2829 quadriduum
639 2748 780 2827 rhagadia
807 2758 837 2810 et
864 2750 1025 2810 exochadia
1053 2752 1194 2830 stirpitus

128 2850 161 2899 10
181 2837 270 2919 tollat,
290 2842 316 2899 si
334 2838 456 2899 adsidue
475 2847 611 2918 ponatur.
648 2837 777 2898 Nucleos
798 2837 835 2898 dc
855 2838 974 2900 dactqu
993 2838 1143 2900 conbures
1161 2847 1194 2900 et

180 2933 316 2987 conteres
340 2945 428 3006 quam
452 2929 650 2988 minutissime
674 2936 704 2987 et
726 2925 764 2987 de
786 2925 909 3006 pulvere
931 2946 1037 2990 eorum
1058 2927 1124 2989 Ioco
1141 2931 1233 2989 anieo

179 3014 349 3076 exulcerato
378 3017 439 3075 sive
467 3014 639 3076 vulnerIbus
667 3018 733 3076 eius
762 3024 792 3077 et
818 3016 927 3077 fistulis
950 3016 1126 3096 frequenter
1146 3018 1193 3078 iu·

127 3117 159 3165 11
178 3121 280 3182 pones.
308 3102 437 3164 Herbam
456 3103 646 3184 polypodium
665 3112 746 3165 teres
766 3111 797 3165 et
814 3107 858 3165 sic
875 3107 907 3166 iu
925 3108 1072 3184 ptisanam
1089 3106 1193 3167 mittes

179 3201 209 3254 et
232 3192 368 3254 sorbebis
391 3194 522 3274 ieiunus;
545 3193 601 3255 hoc
626 3201 657 3254 et
679 3193 774 3254 solvet
797 3201 929 3254 ventrem
953 3202 1097 3255 etenum
1120 3194 1193 3256 moI·

178 3280 230 3342 het
252 3289 424 3343 tumentem.

267 3422 283 3472 6
301 3417 545 3472 medicamentum.
636 3423 650 3472 7
670 3419 816 3486 cogentur.
902 3416 1101 3473 diesisIouem
1120 3420 1194 3488 (oie).

178 3490 212 3539 14
229 3487 436 3554 panchrecieni.
502 3493 535 3541 to
552 3485 640 3541 scisti.
703 3488 792 3559 floris]
811 3487 873 3544 flos.
941 3495 973 3543 21
993 3487 1079 3562 visci]
1097 3488 1192 3546 situm.

177 3560 212 3608 26
230 3555 266 3610 ad
285 3557 348 3612 odd.
368 3563 432 3612 aute
449 3556 504 3611 oui.
577 3561 611 3611 28
631 3557 756 3627 ragadia.
