2609 4017
584 167 822 232 -360-

200 333 323 410 cipitur,
347 330 426 409 quod
451 332 606 408 reponitur
629 329 714 390 fictili
736 347 820 409 raso,
844 329 914 389 lacit
937 327 972 388 ad
996 345 1080 388 omne
1101 329 1215 386 vitium

201 430 232 480 et
254 419 387 482 dolorem
411 416 546 498 corporis
570 428 600 478 et
622 436 782 479 nervorum
806 420 960 478 universas
982 416 1140 476 molestias.

163 516 180 566 8
289 509 422 586 dcopum
450 508 486 568 ad
513 507 737 586 perfrictionem
764 515 795 567 et
821 504 1025 567 lassitudinem
1052 512 1081 564 et
1103 521 1214 563 nervo·

200 615 266 658 rum
291 597 436 674 dolorem,
460 597 539 675 qnod
562 596 664 656 odoris
687 597 831 674 gravioris
854 603 913 675 est3
936 612 1003 654 nam
1025 592 1096 653 illud
1121 611 1212 670 supe·

199 688 263 746 rius
282 684 352 745 boni
371 684 471 745 odoris
490 693 549 765 est,
568 686 677 762 accipit
694 683 780 745 haec:
799 683 982 744 Ammoniaci
995 690 1094 760 guttae
1109 681 1137 740 x
1150 679 1238 753 XV,s

200 772 317 852 galbani
340 772 365 832 ll
385 771 452 852 llll,
476 775 593 833 resinae
615 772 832 833 terebinthinae
856 771 946 852 XVI,
969 789 1055 831 cerae
1078 769 1103 829 X
1123 768 1211 848 XXV,

199 860 296 922 mellis
319 861 351 922 P.
371 859 409 939 ll,
432 860 491 921 olei
513 862 623 922 veteris
647 859 678 921 ὅ*
698 861 724 939 Ι,
748 863 849 940 oesypi
877 893 914 902 -
933 858 955 940 l,
977 858 1124 919 medullae
1148 875 1211 918 cer·

199 951 284 1010 vinae
309 981 348 992 ·-
369 949 395 1028 l,
423 951 601 1029 opopanacis
625 949 649 1009 ll
673 949 723 1030 vt;
751 949 870 1028 quidam
896 948 954 1009 hoc
981 966 1042 1008 non
1071 947 1212 1007 adiciunt

200 1038 318 1116 Geram,
347 1037 444 1098 oleum
473 1046 503 1098 et
526 1038 756 1099 terebinthinam
778 1038 925 1117 liquefieri
947 1046 1079 1116 oportet,
1103 1035 1211 1096 deinde

199 1136 299 1189 cetera
318 1127 405 1205 adici,
424 1128 615 1188 novissimum
635 1129 851 1187 ammoniacum
870 1125 940 1186 addi
956 1128 1063 1186 tritum
1081 1127 1209 1185 curiose.
1222 1140 1247 1178 ro

200 1215 264 1277 Hoc
287 1218 339 1293 qui
363 1223 526 1294 perunctus
549 1216 649 1295 luerit,
673 1217 761 1276 etiam
784 1234 801 1276 a
824 1222 964 1293 serpente
986 1222 1071 1274 tutus
1094 1215 1162 1273 erit

165 1314 181 1363 9
290 1304 437 1383 Asopum,
463 1322 521 1381 quo
546 1305 608 1364 lere
631 1322 750 1382 semper
772 1303 853 1362 Livia
879 1303 1009 1382 Augusta
1032 1310 1062 1362 et
1085 1303 1212 1361 Antonia

199 1410 271 1454 usae
299 1399 382 1470 sunt,
410 1392 480 1452 lacit
508 1392 543 1452 ad
572 1393 794 1472 perfrictiones,
822 1391 970 1451 arthritim
998 1400 1029 1451 et
1051 1407 1210 1450 nervorum

200 1482 333 1542 omnium
356 1479 483 1559 dolores,
507 1483 592 1542 cuius
611 1484 768 1559 perunctio
786 1498 846 1540 non
865 1482 977 1558 patitur
994 1479 1211 1557 perfrigescere

201 1577 285 1631 artus
304 1579 334 1629 et
353 1569 544 1647 refrigeratos
559 1567 704 1647 calefacit3
724 1573 912 1646 componitur
926 1567 1022 1628 hieme
1037 1567 1095 1627 hoc
1109 1567 1210 1628 modo:
1223 1582 1244 1622 ιε

199 1659 303 1737 Adipis
331 1657 368 1718 de
397 1675 487 1736 porca
516 1657 611 1717 sterili
633 1657 664 1716 P.
683 1657 724 1717 lll
753 1656 798 1716 vel
826 1660 915 1717 etiam
939 1658 1093 1717 anserinae
1117 1655 1211 1734 adipis

198 1748 277 1808 idem
305 1745 460 1824 ponderis,
490 1764 576 1824 quam
605 1765 681 1824 aqua
708 1746 815 1824 frigida
842 1744 918 1805 bene
946 1745 1035 1805 lavari
1062 1753 1155 1823 atque
1182 1746 1210 1804 in

200 1853 310 1896 novum
333 1834 485 1895 vasculum
508 1836 605 1894 conici
628 1843 757 1914 oportet,
780 1836 830 1894 cui
853 1835 930 1894 adici
952 1833 1062 1895 debent
1085 1835 1149 1892 vini
1166 1851 1210 1892 re·

200 1927 274 1984 teris
302 1923 416 1983 odorati
445 1921 479 1982 fr-
500 1922 539 1982 ΙΙΙ
573 1933 603 1983 et
631 1925 746 2000 species
774 1924 850 1982 inira
879 1924 1007 2001 scriptae
1034 1939 1095 1981 non
1123 1923 1209 1982 nimis

200 2019 342 2072 contusae
370 2011 510 2090 ponderis
537 2011 640 2072 huius:
677 2010 881 2090 Xylocinnami
912 2043 949 2054 -·
979 2009 1004 2090 l,
1031 2009 1242 2070 cardamomin
1283 2042 1284 2063 ι

200 2133 243 2144 -
262 2098 289 2178 Ι,
317 2100 418 2177 cyperi
444 2132 481 2142 —
505 2099 529 2176 l,
558 2099 681 2159 schoeni
703 2098 819 2176 -ΙΙΙ,
842 2117 927 2159 rosae
950 2099 1049 2159 aridae
1073 2097 1209 2158 loliorum
1283 2170 1284 2173 Ἴ

202 2221 240 2232 -
262 2186 283 2266 Ι,
307 2185 436 2246 sertulae
456 2185 619 2265 Campanae
643 2188 768 2248 corollas
792 2186 827 2248 X.
860 2186 940 2248 llaec
962 2190 1061 2247 omnia
1084 2187 1207 2247 inferre·

199 2277 275 2336 liunt
303 2293 393 2353 super
421 2274 577 2354 carbones,
610 2276 718 2335 deinde
751 2277 924 2353 refrigerata
953 2275 1058 2336 eodem
1085 2274 1208 2336 caccabo

200 2371 387 2443 reponuntur
415 2371 593 2442 posteroque
622 2364 670 2424 die
697 2366 806 2424 iterum
832 2365 1023 2424 inlerveliunt
1046 2362 1207 2424 recondun-

200 2463 309 2531 turque
333 2452 436 2512 eodem
458 2453 559 2533 modo,
583 2455 671 2513 tertio
695 2452 743 2512 die
766 2471 872 2513 rursus
895 2452 1034 2513 caleliunt
1058 2460 1089 2512 et
1110 2451 1203 2512 colau-
1217 2467 1238 2505 25

199 2550 250 2604 tur
282 2559 336 2620 per
369 2540 492 2601 linteum
524 2540 570 2601 vel
604 2559 638 2601 ex
672 2543 761 2602 iunco
789 2541 867 2601 lacto
895 2541 931 2602 de
959 2541 1106 2602 industria
1132 2539 1206 2620 colo,

195 2632 300 2691 vinum
325 2647 431 2690 rursus
454 2637 542 2707 atque
567 2629 662 2708 adipis
687 2629 765 2708 qnod
789 2636 927 2708 superest
950 2631 980 2689 in
1004 2627 1083 2689 aliud
1102 2647 1206 2689 novum

200 2736 251 2778 vas
275 2719 436 2797 conicitur,
459 2716 565 2777 deinde
589 2717 640 2778 ubi
664 2717 864 2795 congelaverit
886 2736 918 2777 se
939 2718 1039 2796 adeps,
1062 2716 1206 2795 oportebit

200 2806 326 2866 lundum
351 2805 469 2866 caecubi
492 2806 639 2883 perforari
661 2813 691 2866 et
715 2807 815 2866 vinum
839 2824 926 2865 omne
950 2808 1046 2866 emitti
1068 2815 1156 2884 atque
1174 2806 1205 2865 in
1283 2820 1284 2827 ¹

200 2895 331 2972 priorem
355 2892 513 2953 caccabum
538 2895 653 2972 adipem
677 2894 800 2954 eandem
824 2896 921 2955 conici
944 2903 974 2954 et
997 2896 1057 2954 vini
1077 2894 1237 2954 eiusdemsr

200 2983 330 3042 recentis
358 2981 481 3040 eandem
509 2999 679 3042 mensuram
712 2982 789 3042 adici
822 2985 998 3060 speciesque
1031 2999 1091 3042 non
1122 2983 1203 3042 nimis

201 3077 341 3130 contusas
374 3087 470 3147 neque
504 3069 704 3148 percribratas
730 3069 784 3130 has
811 3071 943 3131 infundi:
979 3069 1070 3130 Nardi
1098 3070 1202 3149 Syriaci

201 3157 290 3235 -Ι,
319 3157 466 3217 saliuncae
490 3189 533 3200 -·
552 3157 577 3237 l,
605 3161 713 3218 amomi
735 3191 780 3201 -
803 3158 828 3233 1,
857 3161 951 3219 casiae
976 3191 1015 3202 -
1041 3157 1068 3236 l,
1095 3176 1202 3237 myrrae

201 3277 242 3290 -
262 3245 298 3326 ll,
321 3247 451 3306 cinnami
471 3275 507 3288 -
533 3245 566 3325 ll,
589 3264 676 3307 rosae
695 3247 793 3307 aridae
813 3246 951 3306 loliorum
969 3279 1013 3290 —
1033 3245 1067 3306 ΙΙ.
1098 3246 1201 3307 Deinde

199 3353 285 3395 manc
319 3332 409 3394 semel
441 3343 471 3394 et
498 3335 528 3394 in
556 3344 643 3395 nocte
672 3334 764 3394 semel
791 3338 916 3397 mixtum
944 3335 1001 3395 hoc
1030 3334 1231 3395 intercedens

291 3526 323 3572 17
343 3519 419 3572 idem
435 3520 543 3587 pondua
562 3521 687 3575 Scribere.
