2609 4017
485 175 721 239 -297-

93 334 228 413 pteridis
255 344 359 396 tunsae
386 344 417 397 et
444 335 523 396 aloes
550 344 656 397 tunsae
684 336 842 415 diligenter
868 335 1003 416 dragmas
1026 336 1111 398 binas

95 430 127 483 et
151 422 250 483 mellis
273 423 440 503 despumati
462 423 541 503 quod
566 425 709 501 sufficiat3
736 424 806 485 inde
832 423 1001 486 iunioribus
1028 428 1111 486 iuxta

94 518 227 573 aetatem
255 511 353 593 dabis,
382 512 550 574 senioribus
579 512 749 591 plusculum
776 521 808 574 et
834 513 944 574 adicies
972 513 1111 574 colofonii

94 600 252 678 dragmam
279 618 382 680 unam,
409 603 449 661 ita
477 609 511 662 ut
538 604 590 679 qui
615 601 780 662 remedium
803 610 926 662 sumunt
949 619 1038 662 carue
1061 600 1110 662 ab·

67 690 231 749 ostineant
253 706 308 767 per
330 687 396 749 illos
419 689 483 749 dies
506 696 537 749 et
559 688 657 749 aleum
679 690 867 751 manducent.

190 775 386 838 Coriendrum
409 776 502 837 viride
525 776 572 837 vel
594 778 660 839 eius
683 795 785 838 semen
808 778 958 857 decoques
976 780 1008 838 in
1026 796 1111 861 aqua,
1129 788 1164 837 33

94 866 128 924 in
154 881 213 943 qua
231 863 349 944 lupinos
367 867 452 944 prius
471 866 596 945 coxeris,
615 872 645 926 et
665 884 733 926 cum
751 866 821 925 inde
839 865 997 927 adversum
1015 869 1111 928 tineas

96 952 145 1014 vel
170 951 333 1013 lumbricos
355 955 473 1015 ieiunus
497 955 663 1033 sumpseris
685 956 849 1033 potionem,
871 954 1038 1015 vectaberis
1060 963 1112 1016 aut

96 1040 319 1101 deambulabis:

56 1148 82 1187 10
189 1127 339 1190 Nasturcii
366 1130 489 1190 seminis
517 1128 662 1191 coclearia
690 1137 843 1211 quattuor,
871 1130 958 1190 illicis
981 1148 1057 1209 quae
1078 1133 1110 1191 in
1129 1141 1165 1190 34

96 1216 208 1277 arbore
231 1219 364 1278 nascitur
386 1217 418 1279 P.
437 1217 464 1298 Ι,
492 1220 603 1296 agarici
623 1217 741 1299 -ΙΙΙ,
767 1220 898 1298 iuniperi
920 1219 1036 1299 -ΙΙΙ,
1063 1237 1111 1280 co·

95 1305 215 1365 riandri
237 1307 360 1366 seminis
384 1303 415 1365 θ
434 1305 456 1385 Ι,
479 1324 516 1365 ex
538 1306 637 1367 radice
658 1306 778 1386 Syriaca
796 1306 828 1368 P.
846 1305 868 1388 1,
891 1310 976 1369 corni
999 1310 1112 1369 cervini

98 1395 162 1454 usti
192 1425 230 1435 -
256 1393 323 1474 llll,
350 1395 423 1455 nitri
449 1391 639 1457 Alexandrini
666 1427 704 1437 -
725 1393 777 1475 ΙΙΙ,
806 1398 972 1456 scamoniae
1003 1395 1111 1476 -ΙΙΙ,

97 1481 258 1560 tithymalli
280 1481 311 1542 P.
330 1480 356 1562 1,
378 1482 456 1542 haee
479 1485 576 1542 omnia
599 1483 708 1544 tundes
731 1491 762 1543 et
784 1482 944 1563 midranis,
971 1484 1111 1545 miscebis

58 1587 84 1629 rs
98 1578 131 1630 et
160 1572 291 1648 reposita
317 1568 441 1631 habebis
469 1580 499 1630 et
525 1589 594 1631 cum
621 1588 698 1649 opus
725 1572 830 1649 luerit,
857 1570 941 1631 dabis
963 1574 1112 1631 tinearum

97 1658 147 1718 vel
174 1656 390 1719 lumbricorum
416 1656 551 1719 molestia
577 1658 781 1719 laborantibus
803 1661 835 1718 in
859 1661 981 1737 potione
1004 1677 1111 1738 poscae

98 1744 214 1824 gelidae
237 1748 320 1807 iuxta
342 1753 481 1827 aetatem,
510 1746 562 1807 sed
585 1747 779 1825 digestissimi
801 1746 837 1806 ab
861 1749 941 1807 omni
964 1765 1033 1808 esca
1054 1747 1112 1808 hoc

97 1834 266 1895 remedium
290 1836 424 1913 accipere
448 1833 606 1896 debebunt.

192 1922 282 1983 Acori
304 1925 398 2003 tunsi,
422 1940 528 1984 erucae
553 1923 689 1997 seminis,
713 1922 862 1983 coriandri
885 1924 957 1983 sicci
981 1924 1112 2003 seminis,
1130 1934 1165 1982 35

59 2027 86 2067 ao
100 2010 281 2071 cardamomi
313 2010 451 2071 cocliaria
483 2018 639 2091 quaterna,
671 2012 802 2090 iuniperi
829 2044 871 2054 —
899 2009 953 2092 ΙΙΙ,
983 2011 1113 2073 absinthi

100 2098 257 2160 Santonici
283 2098 315 2161 P.
337 2098 364 2177 1,
391 2098 496 2178 hysopi
527 2099 640 2179 -vt,
668 2102 753 2160 corni
780 2101 893 2160 cervini
921 2102 983 2161 usti
1009 2133 1052 2144 —-
1076 2100 1112 2181 ll,

99 2186 245 2247 dictamni
267 2186 299 2247 P.
318 2185 340 2268 Ι,
362 2185 458 2266 filicis,
482 2206 556 2265 quae
580 2189 611 2248 in
634 2187 742 2248 arbore
761 2191 902 2268 nascitur,
925 2191 1021 2249 siccae
1040 2188 1071 2250 P.
1091 2187 1112 2249 l.

99 2274 208 2335 Omnia
237 2274 312 2335 haec
338 2282 427 2335 tunsa
454 2274 642 2355 cribrataque
669 2276 810 2337 miscebis
842 2284 873 2337 et
904 2277 1050 2337 recondes
1083 2285 1113 2337 et

99 2382 172 2424 cum
191 2380 266 2442 opus
284 2364 384 2443 luerit,
402 2362 535 2441 pastillos
553 2365 644 2424 iacies
663 2363 746 2424 labae
765 2363 968 2441 magnitudine
985 2372 1015 2424 et
1029 2364 1113 2425 dabis

60 2468 86 2509 ss
101 2454 139 2532 ei,
159 2453 212 2529 qui
230 2450 343 2512 laborat
360 2450 495 2511 molestia
513 2451 737 2531 lumbricorum,
760 2458 793 2512 ut
810 2451 877 2511 edat
891 2454 922 2511 in
936 2451 1005 2529 ficu,
1024 2454 1112 2511 etiam

100 2541 196 2618 sicea;
219 2538 373 2601 abstentus
391 2546 490 2599 umen
508 2540 613 2619 pridie,
631 2541 672 2600 ita
692 2546 726 2599 ut
744 2541 783 2599 sit
801 2538 1027 2619 digestissimus‚
1044 2557 1113 2599 cum

99 2627 159 2688 hoc
183 2629 348 2688 remedium
371 2629 469 2689 sumit.

191 2715 236 2775 Ad
256 2714 418 2776 lumbricos
437 2714 586 2776 eiciendos
605 2714 770 2775 remedium
785 2715 842 2774 sica
860 2712 1018 2773 Aristoloci
1033 2713 1113 2793 longi
1131 2726 1167 2775 36

100 2796 355 2890 contunsi211
383 2822 452 2865 eum
480 2820 573 2882 aquae
601 2803 714 2881 cyathis
742 2801 859 2862 duobus
886 2804 987 2862 ieiuno
1010 2801 1112 2863 biben-

60 2913 87 2953 eo
101 2892 157 2953 dos
181 2891 386 2971 pertriduum
405 2890 502 2971 dabis3
524 2889 647 2952 nucleos
669 2909 788 2969 quoque
806 2891 843 2951 de
861 2892 979 2970 persico
998 2909 1113 2953 amaros

100 2983 222 3041 ieiunus
246 2980 334 3040 edere
358 2978 480 3040 debebit
502 2980 554 3057 qui
576 2978 731 3039 lumbricis
755 2978 917 3039 vexabitur.

191 3069 236 3129 Ad
259 3068 371 3128 ventris
395 3067 528 3127 dolorem
551 3066 717 3127 remedium
740 3067 844 3128 efficax
865 3069 922 3128 sic:
946 3067 1056 3128 Sordes
1074 3068 1111 3129 de
1129 3080 1165 3128 3¹1

101 3155 224 3217 cardine
248 3158 317 3217 ostii
340 3155 410 3217 tolle
434 3155 535 3233 digitis
558 3154 684 3235 duobus,
706 3154 813 3233 pollice
834 3166 864 3216 et
883 3155 1060 3235 medicinali,
1082 3162 1113 3216 et

192 3315 208 3363 3
227 3307 411 3378 colophoniae
431 3306 591 3361 Omnnrina.
662 3312 677 3361 ‘1
692 3312 756 3375 post
773 3305 803 3359 in
822 3324 877 3374 qua
894 3308 991 3375 repetit
1003 3306 1033 3359 in
1048 3322 1112 3375 quo.

103 3385 138 3434 14
155 3378 312 3434 tithimalli.
403 3382 437 3433 26
457 3376 663 3448 diiestisaimus.
736 3382 770 3431 28
789 3375 988 3430 aristolochiae
1010 3376 1113 3447 longae

101 3452 237 3506 mutuose
266 3448 425 3504 owenius.
533 3453 567 3501 29
592 3447 718 3517 cyathos.
827 3452 861 3500 30
884 3447 992 3515 persico
1015 3448 1111 3503 amari.

102 3528 136 3577 33
157 3521 235 3592 ostii]
256 3521 336 3577 usiei.
409 3518 518 3590 digitis]
538 3516 691 3587 diligentis.
