2609 4017
502 195 727 258 ..97-

99 356 148 416 ad
173 357 323 418 auriculae
343 365 491 418 tumorem
510 366 540 418 et
559 358 692 418 dolorem
711 360 776 418 sinc
797 357 897 418 ulcere
917 359 1040 438 prodest
1058 359 1124 420 ber·
1144 372 1179 424 32

99 445 159 506 bae
184 446 349 507 urceolaris
368 457 419 507 aut
438 446 611 508 cucurbitae
630 455 834 508 ramentorum
856 465 947 508 sucus
966 465 1072 508 recens
1091 467 1125 509 ac

99 543 210 614 tepens
242 554 297 615 per
330 535 475 614 strigilem
508 538 540 596 iu
572 537 705 597 loramen
733 538 814 597 auris
842 536 971 598 dolentis
998 537 1124 598 inlusus.

101 623 248 685 Cutiones
275 623 418 685 bestiolae
446 633 517 685 sunt
543 624 722 703 multipedes
755 633 824 686 cute
852 625 926 686 dura
959 633 990 687 et
1022 625 1177 707 solidasti

71 730 182 792 squac
207 722 303 774 tactae
326 713 494 793 conplicant
517 731 549 774 sc
572 715 604 774 in
627 712 731 774 orbem
754 713 862 792 pilulae
886 714 1125 796 rotundissimae,

103 801 269 880 polypodes
288 801 392 862 Gracci
410 801 573 882 appellaut3
596 802 652 863 bae
674 801 833 882 conplures
852 811 952 864 coctae
972 823 1040 864 cum
1060 805 1124 865 olco

104 889 189 950 mulli
217 893 248 950 in
277 909 344 951 vaso
372 891 470 951 lerreo
497 891 631 952 remedio
660 899 731 953 sunt
758 891 881 952 auribus
911 891 1124 974 laborantibus,

104 980 132 1039 si
156 978 226 1038 iude
251 987 403 1041 curentur.
450 979 539 1040 Gliris
562 982 673 1060 pingue
697 987 727 1040 et
750 980 873 1060 gallinae
897 981 988 1061 adeps
1011 992 1041 1042 et
1064 996 1178 1045 meat

103 1066 185 1128 dulla
205 1066 348 1128 bubulina
368 1068 414 1129 vel
432 1072 549 1129 taurina
569 1069 726 1148 liquefacta
745 1076 910 1148 tepensque
929 1071 1026 1132 inlusa
1046 1073 1123 1132 auri·

59 1176 88 1214 1o
102 1156 161 1217 bus
185 1157 346 1235 plurimum
370 1157 502 1235 prodest.
548 1157 628 1218 Bene
651 1158 721 1219 iacit
744 1157 801 1218 boc
824 1158 1074 1221 medicamentum
1093 1168 1124 1221 et
1142 1172 1176 1222 35

101 1245 138 1305 ad
168 1253 318 1306 tumorem
350 1254 381 1307 et
408 1246 443 1306 ad
472 1247 724 1307 exulcerationem
756 1249 886 1309 aurium:
928 1250 1012 1308 Aceti
1045 1252 1123 1310 acris

100 1336 243 1394 sextariis
262 1334 379 1395 duobus
396 1337 601 1413 incoquuntur
621 1335 835 1414 malagranata
856 1336 925 1416 duc,
943 1336 1053 1416 quibus
1073 1357 1121 1399 co·

100 1424 188 1483 riarii
216 1433 343 1484 utuntur
374 1431 404 1484 et
432 1427 501 1504 quia
529 1442 646 1503 semper
676 1426 759 1485 acida
787 1433 858 1485 sunt
892 1444 948 1486 nec
980 1445 1122 1505 umquam

100 1519 319 1591 maturescunt,
341 1512 430 1573 rboas
452 1514 535 1574 oxias
553 1513 626 1573 baec
645 1513 751 1574 Graeci
769 1514 880 1574 dicunt.
919 1513 996 1576 Tum
1015 1515 1122 1576 deinde

59 1619 86 1658 1o
100 1600 275 1661 adiciuntur
298 1601 345 1661 bis
369 1611 399 1661 et
422 1602 624 1662 admiscentur
647 1601 785 1662 aluminis
804 1603 866 1662 fissi
886 1633 928 1644 —
946 1601 982 1684 ll,
1006 1605 1122 1664 acaciae

101 1691 170 1750 suci
195 1688 223 1748 ΙΙ
251 1700 282 1751 et
309 1709 377 1751 cum
405 1689 480 1751 bene
508 1692 653 1770 permixta
681 1690 755 1750 baec
779 1698 809 1750 et
832 1693 975 1768 coagitata
999 1691 1122 1769 fuerint,

101 1779 263 1857 reponitur
285 1779 534 1839 medicamentum
557 1782 587 1839 in
609 1778 737 1858 ampulla
756 1781 862 1858 vitrea,
886 1797 954 1839 cum
974 1797 1049 1858 opus
1068 1791 1123 1861 cst,

101 1868 139 1928 ad
169 1876 319 1928 tumorem
346 1867 474 1928 calidum
498 1887 552 1946 per
576 1867 721 1946 strigilem
744 1867 914 1929 infunditur
937 1875 967 1928 et
990 1868 1122 1929 loramen

101 1973 254 2016 summum
283 1956 433 2016 auriculae
462 1956 527 2016 lana
555 1957 658 2017 sucida
686 1958 811 2037 tegitur,
844 1956 880 2016 ad
909 1956 994 2018 ulcus
1022 1966 1121 2018 autem

60 2064 89 2102 so
102 2045 245 2123 frigidius
272 2045 456 2106 medicamen
483 2064 538 2125 per
565 2045 699 2106 eiusdem
727 2047 846 2124 generis
871 2045 968 2106 lanam
991 2055 1021 2107 et
1044 2049 1122 2108 auri-

102 2133 250 2212 scalpium
265 2135 395 2194 inicitur.
425 2133 512 2194 Aliud
526 2134 775 2195 medicamentum
791 2135 826 2195 ad
842 2142 989 2195 tumorem
1004 2140 1121 2198 aurium
1141 2149 1175 2198 36

102 2230 133 2284 et
157 2222 424 2284 exulcerationem:
447 2222 541 2283 Mellis
561 2223 657 2303 cyathi
677 2222 725 2302 ΙΙΙ,
744 2226 822 2284 aceti
842 2226 919 2285 acris
934 2224 1058 2303 cyathus
1074 2224 1085 2284 l
1102 2224 1122 2284 S

101 2313 280 2393 miscentur,
298 2321 401 2390 postea
420 2312 548 2372 adicitur
566 2314 629 2390 gari
648 2313 753 2390 optimi
770 2313 894 2392 cyathus
909 2331 996 2391 unus,
1015 2313 1121 2373 deinde

102 2399 286 2461 carbonibus
313 2403 498 2480 infervescit,
527 2403 613 2460 cuius
641 2419 745 2479 spuma
771 2420 899 2480 surgens
926 2401 1050 2481 pinnula
1073 2401 1122 2462 ab·

61 2506 88 2545 ss
101 2491 196 2549 icitur
219 2498 250 2549 et
274 2498 333 2550 tam
356 2489 408 2550 diu
427 2491 566 2568 coquitur
585 2488 630 2550 vel
648 2492 785 2569 agitatur,
809 2491 904 2551 donec
922 2489 1029 2550 babeat
1047 2493 1121 2568 spis-

103 2577 280 2640 situdinem:
302 2579 359 2639 boc
383 2578 478 2638 calido
502 2578 537 2638 ad
561 2586 719 2658 tumorem,
743 2578 850 2656 frigido
874 2578 910 2638 ad
934 2577 1029 2658 ulcus,
1053 2596 1120 2638 cum

103 2665 269 2746 oportebit,
297 2669 401 2728 uteris.
447 2667 520 2727 ltem
549 2666 624 2727 bene
648 2665 719 2726 lacit
742 2665 815 2726 baec
840 2667 1005 2744 conpositio
1032 2667 1120 2726 etiam
1139 2679 1173 2727 37

102 2755 141 2815 ad
166 2763 297 2816 veterem
320 2758 439 2816 aurium
462 2756 607 2817 dolorem:
634 2754 780 2814 dluminis
804 2754 835 2815 P.
859 2752 884 2832 l,
911 2752 1007 2814 mellis
1031 2753 1061 2815 P.
1085 2754 1120 2815 ΙΙ.

103 2842 185 2903 llaec
214 2847 244 2903 in
272 2847 414 2904 mortario
442 2847 527 2923 prius
554 2843 631 2904 bene
656 2845 831 2923 permisceri
854 2850 985 2925 oportet,
1013 2843 1120 2904 deinde

61 2949 89 2988 so
104 2931 162 2992 olla
182 2950 257 2993 nova
275 2935 410 3014 excoqui,
429 2933 523 2993 donec
542 2932 670 3012 babeant
684 2932 780 2993 mellis
795 2933 1032 3014 spissitudinem3
1052 2951 1120 2994 cum

105 3038 182 3099 opus
202 3030 257 3099 est,
275 3021 444 3082 infunditur
461 3022 493 3081 in
511 3021 675 3082 auriculam
693 3040 730 3081 ex
749 3021 816 3082 lana
829 3021 1012 3100 conchyliata
1027 3040 1120 3101 eaque

105 3109 269 3189 clauditur3
291 3111 348 3170 hoc
367 3119 397 3171 et
416 3109 594 3170 conbustum
617 3111 715 3170 locum
739 3128 843 3171 sanum
864 3110 963 3170 reddit
987 3112 1051 3170 sine
1070 3110 1120 3171 do·

104 3198 168 3259 lore
193 3207 224 3259 et
246 3201 309 3259 sine
333 3200 485 3279 cicatrice,
511 3201 536 3258 si
560 3201 588 3258 ei
611 3201 747 3278 protinus
774 3201 942 3278 inponatur.
990 3198 1023 3258 Si
1050 3217 1118 3259 caro
1138 3211 1173 3260 38

105 3289 274 3348 excreverit
295 3289 326 3347 in
350 3287 493 3349 loraminc
517 3289 607 3366 auriS,
632 3289 838 3366 conprimatur
856 3289 920 3347 sine
944 3286 1046 3347 dolore
1069 3294 1120 3346 aut

180 3498 194 3547 1
213 3492 339 3548 auncula
357 3495 538 3549 clamorem.
647 3501 663 3550 6
682 3494 747 3566 luae]
768 3494 846 3548 haec.
956 3497 971 3546 '1
990 3490 1119 3546 ferreum.

108 3570 140 3618 12
159 3563 356 3632 inquocuntur.
428 3571 462 3621 2⁷
481 3565 562 3636 lacit]
581 3565 674 3621 facite.
747 3569 782 3620 80
801 3564 913 3619 habeat.

159 3664 322 3716 mannus,
336 3675 375 3704 nn.
389 3664 546 3704 munnere.
