2609 4017
574 162 815 226 -184-

129 338 166 387 40
273 324 501 385 Ne·cicatrices
529 332 691 403 appareant
719 325 807 384 etiarn
836 322 872 384 de
901 324 1014 384 usturis
1039 333 1069 384 et
1093 333 1128 384 ut
1151 325 1204 404 pili

185 422 394 494 renascantur,
422 413 513 473 iacies
541 411 598 473 tale
627 412 825 474 medicamen:
862 410 957 472 Calais
980 413 1062 472 vivae
1090 446 1128 456 —
1156 413 1204 494 lll,

186 503 281 582 adipis
299 504 440 581 porcinae
460 509 561 562 coctae
581 509 612 562 et
629 501 742 562 colatae
761 499 868 562 libram
882 502 1029 580 permisce
1044 509 1075 562 et
1092 511 1203 581 quanto

186 591 358 670 dihgentius
381 599 445 651 tere
469 589 515 650 rel
533 590 665 651 conirica
685 598 773 670 atque
793 591 824 650 in
843 589 963 650 modum
983 589 1203 670 cataplasmatis

132 692 166 740 41
187 680 309 760 adpone.
341 678 514 760 blasticheu,
536 687 735 760 personatam,
759 696 899 758 saponem
922 677 1076 758 Gallicum,
1103 697 1232 740 cerame

187 767 349 848 Ponticam,
372 767 472 829 oleum
490 775 584 843 vetus,
608 785 744 846 spumam
763 768 878 846 argenti
897 769 999 847 aequis
1018 767 1204 846 ponderibus

186 856 327 918 miscebis
342 865 372 917 et
385 874 497 936 coques
516 856 552 917 ad
572 857 796 935 spissitudinem
815 856 925 936 liparae
945 864 1034 935 atque
1053 857 1123 916 inde
1144 875 1204 917 em-

187 945 332 1025 plastrum
351 945 476 1006 maculis
493 946 525 1005 in
544 945 619 1006 facie
638 945 684 1006 vel
702 945 831 1024 pustulis
851 953 880 1006 et
896 943 1048 1006 ulceribus
1062 945 1205 1024 adpones.

133 1044 168 1092 42
276 1033 320 1095 dd
344 1034 531 1113 nigredinem
554 1042 585 1095 et
607 1033 737 1095 maculas
761 1033 829 1095 colli
857 1042 887 1095 et
909 1033 1010 1094 vultus
1032 1033 1205 1112 purgandas

188 1125 312 1184 farinam
337 1122 373 1184 de
397 1123 462 1183 laba
487 1141 556 1184 cum
579 1141 684 1183 umore
707 1124 840 1203 peponis,
863 1122 892 1183 id
916 1130 963 1182 est
982 1140 1055 1183 suco
1074 1124 1141 1184 eius
1161 1125 1206 1184 in-
1221 1141 1250 1180 ro

187 1214 313 1294 toriore,
340 1211 482 1273 miscebis
509 1219 540 1272 et
568 1211 659 1272 facies
688 1211 852 1272 trochiscos
878 1217 945 1272 octo
968 1218 999 1271 et
1023 1211 1151 1272 siccabis
1174 1214 1208 1272 in

189 1299 308 1380 umhra3
331 1318 368 1360 ex
391 1308 458 1360 octo
481 1299 541 1360 illis
564 1308 709 1380 quantum
733 1300 862 1361 sufficiat
884 1307 964 1361 teres
988 1317 1056 1360 cum
1078 1317 1158 1380 aqua
1177 1311 1209 1362 et

187 1388 296 1449 inlines
319 1388 449 1450 maculas
472 1397 561 1468 atque
584 1391 625 1449 ita
648 1390 744 1449 uteris
764 1396 831 1450 ante
850 1387 998 1468 balneum,
1020 1397 1055 1448 ut
1073 1390 1209 1451 siccetur

189 1477 299 1558 inlitio,
327 1485 357 1538 et
384 1478 428 1538 sic
456 1476 649 1558 ingredieris,
678 1485 709 1538 et
736 1495 804 1538 cum
833 1495 966 1539 umorem
995 1479 1148 1556 acceperis
1175 1480 1208 1538 in

189 1565 296 1643 calore,
319 1576 384 1627 tum
406 1566 583 1645 perfricahis
606 1574 636 1626 et
660 1565 751 1626 elues.
1223 1585 1252 1624 15

136 1662 170 1711 43
279 1655 323 1715 hd
346 1664 495 1716 tumorem
518 1656 580 1715 sive
603 1654 726 1715 livorem
750 1653 787 1715 de
806 1653 881 1713 facie
900 1653 1061 1714 tollendum
1082 1653 1208 1716 herbam

189 1742 335 1804 Rhodiam
359 1763 395 1805 ex
418 1752 502 1805 aceto
525 1745 626 1804 tritam
649 1742 742 1803 inline
766 1751 795 1803 et
814 1743 927 1802 siccare
950 1743 1091 1820 permitte
1115 1751 1208 1823 atque

136 1839 172 1888 44
190 1834 230 1892 ita
259 1832 334 1893 elue.
375 1832 494 1894 Urticae
522 1831 591 1893 lolia
620 1839 742 1892 contere
769 1840 799 1892 et
821 1833 885 1910 ipsa
908 1831 1112 1901 tautummodo
1136 1850 1209 1892 cnm

191 1939 263 1981 suco
287 1939 341 1981 suo
364 1920 538 1981 cohibendis
561 1919 731 1981 tumoribus
749 1919 795 1980 vel
814 1918 967 1980 abolendis
984 1918 1128 1980 livoribus
1148 1920 1209 1980 ire·

192 2015 319 2087 quanter
342 2008 465 2087 adpone.
1224 2025 1254 2065 eo

137 2104 172 2153 45
280 2096 324 2156 Ad
346 2113 437 2174 genas
460 2097 581 2159 scabras
604 2106 634 2159 et
658 2099 812 2159 cicatrices
835 2095 1019 2157 maxillarum
1039 2096 1210 2158 remedium

192 2186 249 2244 sior
291 2183 461 2246 Chalcitidis
493 2186 649 2247 drachmas
681 2185 747 2268 XX,
781 2187 890 2265 misyos
922 2184 1021 2246 drach.
1054 2184 1093 2264 X,
1124 2190 1211 2248 croci

192 2272 292 2333 drach.
320 2272 371 2354 Vl,
398 2276 475 2335 turis
505 2274 661 2337 drachmas
684 2272 724 2355 X,
752 2293 868 2354 myrrae
896 2273 1052 2335 drachmas
1074 2272 1107 2353 V,
1135 2293 1208 2354 opo·

193 2363 313 2440 panacis
327 2361 482 2424 drachmas
496 2363 529 2445 V,
547 2365 624 2424 aceti
642 2361 674 2424 θ
688 2361 722 2444 V,
740 2362 836 2423 mellis
856 2364 961 2441 optimi
975 2359 1006 2422 d
1022 2362 1048 2422 ll
1064 2361 1092 2422 S.
1123 2361 1209 2433 Quae

194 2451 272 2511 sicca
296 2459 366 2512 sunt
388 2452 497 2514 tundes
520 2461 551 2513 et
572 2454 604 2512 in
627 2451 781 2531 pulverem
800 2450 918 2529 rediges
937 2459 967 2512 et
985 2468 1022 2510 ex
1041 2469 1076 2511 eo
1095 2468 1256 2531 coquesea

193 2558 262 2600 cum
289 2547 373 2601 aceto
401 2549 432 2602 et
458 2549 561 2620 postea
588 2540 675 2600 melle
708 2539 837 2601 admixto
870 2538 959 2600 simul
991 2541 1089 2600 omnia
1117 2548 1211 2622 teres,

193 2628 289 2689 donec
311 2629 495 2691 sufficienter
517 2628 701 2691 medicamen
721 2630 760 2689 sit
778 2631 907 2708 spissum
927 2626 973 2687 vel
998 2627 1155 2710 liquidum,
1180 2638 1212 2690 et

193 2719 225 2777 in
249 2716 355 2796 pyxide
378 2735 464 2778 aerea
487 2736 581 2797 pones
605 2726 635 2779 et
659 2735 727 2779 cum
751 2735 826 2796 opus
847 2718 947 2797 luerit,
970 2719 1065 2777 uteris
1084 2716 1120 2777 ad
1138 2735 1210 2796 per-

140 2811 175 2861 46
194 2804 331 2882 ungenda
359 2805 405 2865 vel
432 2806 652 2885 superliniendo
683 2824 758 2886 quae
782 2812 860 2866 sunt.
906 2805 948 2866 hd
973 2823 1064 2884 genas
1087 2804 1212 2868 scabras

195 2900 225 2952 et
248 2892 383 2953 scabidas
406 2901 437 2954 et
458 2903 575 2956 veteres
599 2896 754 2956 cicatrices
773 2895 939 2955 remedium
957 2895 1017 2955 sic:
1040 2894 1126 2954 heris
1147 2897 1212 2956 usti
1230 2912 1258 2952 eo

195 2988 225 3040 et
252 2979 319 3061 loti,
345 2998 475 3062 myrrae,
503 2985 564 3062 opii
591 2983 747 3045 drachmas
774 2991 888 3064 ternas,
915 2982 1046 3044 cadmiae
1070 2991 1156 3044 ustae
1182 2992 1214 3044 et

194 3069 342 3130 extinctae
370 3071 439 3130 vino
462 3070 618 3132 drachmas
641 3079 722 3152 octo,
749 3070 823 3132 haec
850 3073 881 3131 in
909 3070 1061 3150 pulverem
1089 3071 1214 3133 redacta

195 3176 231 3218 ex
251 3176 326 3236 aqua
345 3158 464 3219 fontana
482 3159 529 3219 vel
547 3159 668 3220 caelesti
687 3168 775 3240 teres,
795 3160 889 3221 donec
905 3159 980 3220 levia
999 3161 1067 3238 sint,
1091 3170 1216 3222 etcum

195 3245 342 3325 glutinosa
361 3247 481 3329 fuerint,
505 3248 687 3328 superaddes
706 3247 802 3309 mellis
821 3250 925 3327 optimi
944 3249 1111 3327 despumati
1130 3258 1216 3329 coty-

194 3334 253 3396 lam
281 3354 383 3418 unam,
411 3336 518 3398 deinde
546 3336 734 3416 perfricando
762 3337 810 3397 vel
832 3335 955 3400 terendo
979 3337 1216 3418 concorporabis
1231 3355 1260 3396 sa

196 3426 294 3484 omnia
322 3433 353 3486 et
380 3428 411 3484 in
438 3425 545 3507 pyxide
570 3443 654 3486 aerea
681 3425 792 3486 condes
816 3433 845 3486 et
869 3443 938 3486 cum
960 3424 1091 3486 volueris
1114 3429 1216 3488 uteris

196 3510 231 3569 ad
256 3512 475 3590 superliniendo
499 3530 574 3592 quae
598 3521 676 3574 sunt.
