2609 4017
506 166 720 264 449-

104 362 237 441 linguam
265 362 361 444 bovis,
394 363 485 424 addes
513 366 601 424 etiam
626 382 711 424 rosae
733 365 896 447 heminam3
925 366 1119 429 haecomnia

104 454 137 511 in
156 450 243 511 ollam
264 454 377 533 mitteS,
396 460 550 531 praeterea
570 453 660 513 addes
679 454 871 515 lurluriculas
889 458 921 515 in
940 454 1031 516 linteo
1050 456 1120 535 liga·

104 549 151 600 tas
176 540 305 620 adhoc,
329 548 363 601 ut
386 541 611 602 amaritudinem
636 541 745 602 herbae
770 542 912 603 deliniant
938 551 968 604 33
991 548 1035 605 313
1059 546 1120 606 lor·

104 628 251 689 luriculae
275 631 356 707 ipsae
375 632 406 689 in
426 629 551 690 saccello
571 629 772 710 combulliaut,
795 631 867 692 haec
886 634 984 693 omnia
1003 634 1038 694 ad
1060 642 1119 694 ter-

77 719 164 778 33133
193 717 342 797 decoques
372 726 402 778 et
429 718 563 797 tepidum
592 720 798 797 gargarizabis.
844 720 1119 800 Experimentatum
1140 736 1173 785 18

104 806 271 867 remedium
305 807 461 868 adversum
493 808 683 887 ingruentem
720 816 883 890 catarrum,
918 819 951 871 ut
983 830 1055 872 cena
1089 820 1119 873 te

104 894 256 955 abstineas
279 905 309 955 et
332 895 367 956 ab
394 894 496 955 holere
520 904 550 957 et
573 915 589 956 3
616 896 708 957 rebus
736 897 822 958 salsis
849 907 880 960 33
906 898 1119 981 hquamiuosis,

103 1002 175 1043 nam
200 984 396 1062 indigestione
420 984 480 1045 cibi
504 992 534 1045 et
555 987 626 1045 vitio
646 985 802 1047 cruditatis
821 990 954 1048 nascitur
972 999 1119 1070 catarrus3

103 1071 316 1133 abstinendum
340 1091 409 1133 sane
433 1081 501 1134 ante
525 1076 621 1135 omnia
646 1075 807 1153 pinguibus
830 1076 913 1136 cibis.
951 1076 1009 1138 Sed
1034 1080 1061 1137 si
1083 1077 1119 1138 de

59 1182 88 1222 1o
104 1161 301 1240 perfrictione
334 1162 425 1222 fuerit
461 1170 608 1243 catarrus,
646 1162 839 1224 caltiamentis
875 1164 1014 1226 adhibitis
1052 1166 1119 1226 ilico

104 1252 256 1328 sopietur:
280 1250 357 1329 quod
383 1254 408 1311 si
432 1250 468 1311 de
492 1251 653 1332 cruditate,
677 1250 842 1331 placabitur
865 1252 913 1313 illa
936 1272 969 1313 re
993 1254 1063 1336 sola,
1087 1262 1120 1315 ut

104 1356 167 1398 non
192 1346 329 1421 cenatur,
352 1340 446 1399 donec
470 1342 589 1419 penitus
607 1340 706 1401 fluxus
725 1343 790 1401 eius
809 1351 936 1423 arescat3
960 1361 1028 1403 cunr
1052 1342 1120 1404 suh-

105 1430 232 1487 strictus
256 1428 358 1507 luerit,
387 1427 423 1488 ad
447 1430 693 1490 consuetudinem
717 1430 843 1491 cenandi
866 1434 1034 1492 reverteris.
1076 1431 1120 1492 Ad
1141 1445 1173 1494 19

105 1522 258 1576 catarrum
277 1517 530 1595 restringendum:
562 1517 654 1596 Sapae
676 1517 811 1579 heminas
834 1527 896 1579 tres
920 1530 950 1579 et
973 1523 1119 1581 satureiae

61 1626 89 1667 15
106 1604 284 1664 fasciculum
308 1613 338 1666 et
360 1605 465 1685 hysopi
487 1605 670 1685 aliquantum
688 1608 803 1667 1333333
824 1606 912 1667 simul
930 1609 1030 1687 133133,
1049 1627 1120 1687 quo-

106 1710 206 1771 usque
229 1694 298 1753 inde
322 1696 469 1754 sextarius
492 1696 550 1775 ilat,
575 1703 605 1756 et
628 1697 671 1755 sic
695 1695 927 1773 gargarizabitur
951 1706 997 1755 ter
1019 1699 1049 1755 in
1074 1696 1121 1755 die

106 1785 137 1841 in
167 1782 232 1842 loco
261 1782 361 1860 tepido
390 1791 440 1843 aut
468 1782 504 1843 ad
533 1783 625 1844 solem
653 1794 741 1861 atque
770 1783 826 1843 hoc
855 1793 914 1844 tam
943 1783 994 1844 diu
1022 1784 1121 1865 lacios,

107 1870 204 1930 donec
227 1870 397 1931 inhibeatur
420 1872 516 1931 omnis
540 1880 687 1952 33333333,
715 1880 803 1951 atque
826 1872 885 1932 illis
908 1871 1027 1947 dicbuS,
1057 1874 1120 1952 qui·

108 1958 167 2019 bus
191 1962 365 2040 gargarizas,
388 1959 551 2021 abstinebis
575 1960 736 2040 liquamine
760 1970 790 2022 33
812 1961 915 2022 holere
934 1970 963 2023 et
982 1962 1068 2023 salsis
1087 1981 1121 2023 ac

62 2071 91 2109 so
106 2047 270 2127 pinguibus
289 2048 372 2109 cibis.
403 2048 446 2109 nd
469 2058 616 2110 catarrum
640 2050 882 2128 restringendum
902 2052 1033 2130 quinque
1055 2063 1120 2130 par·
1139 2064 1175 2113 20

106 2146 155 2197 tes
184 2138 243 2196 vini
272 2147 301 2197 et
329 2146 441 2198 sextam
470 2137 564 2199 mellis
593 2139 733 2199 miscebis
761 2158 795 2200 ac
828 2141 988 2218 tepefacies
1020 2148 1050 2201 et
1078 2142 1121 2201 sic

106 2224 314 2304 gargarizabis.

541 2330 619 2393 CAP.
644 2331 689 2392 Vl.

120 2444 292 2513 Alopeoiis
316 2446 350 2499 33
372 2444 471 2499 tineis
495 2446 529 2500 33
552 2446 674 2514 capillo
696 2446 817 2501 fluenti
839 2449 944 2514 atqua
964 2446 1108 2502 infirmo.

199 2578 306 2660 Herba,
331 2599 406 2660 quae
430 2579 539 2641 dicitur
561 2580 761 2642 trichomanes
785 2580 831 2640 vel
849 2581 997 2659 adianton,
1021 2580 1123 2640 eadem
1143 2596 1157 2641 1

108 2677 141 2730 et
164 2668 344 2730 callitrichos
368 2668 546 2748 appellatur,
575 2677 699 2730 contusa
727 2678 757 2729 et
786 2686 855 2728 curn
882 2667 946 2728 oleo
970 2668 1054 2728 inlita
1077 2668 1123 2729 vel

65 2779 93 2819 aa
108 2761 231 2819 incocta.
246 2757 392 2837 alopecias
411 2757 496 2819 lacile
516 2766 608 2819 curat.
640 2756 718 2835 Cepe
736 2756 866 2838 longum,
886 2756 964 2836 quod
985 2758 1123 2835 caputius
1142 2770 1158 2819 2

108 2848 294 2927 nominatur,
323 2865 414 2925 super
441 2847 588 2926 alopecias
616 2848 704 2907 terito
732 2846 919 2927 frequenter,
953 2865 1012 2925 quo
1045 2848 1122 2907 lacto

108 2934 232 3014 capillos
256 2937 401 2997 maturius
425 2935 575 2996 excitabis.
613 2934 705 2996 Nucis
728 2938 867 3016 escariae,
890 2936 921 2996 id
945 2944 991 2997 est
1010 2936 1122 3014 iuglan-
1142 2949 1157 2998 3

108 3026 169 3105 dia,
198 3031 274 3085 33333
298 3032 421 3085 3333333
446 3025 491 3084 331
517 3024 672 3085 combusta
695 3033 725 3084 et
748 3026 916 3086 minutatim
941 3026 1010 3085 trita
1033 3032 1159 3104 atquet

109 3114 226 3174 adiecto
250 3112 315 3173 oleo
340 3114 466 3192 inposita
490 3114 636 3174 infantum
660 3112 800 3192 alopeciis
823 3113 923 3193 capilli
949 3123 1158 3174 nascunturo

67 3224 95 3263 ao
110 3202 261 3263 infantum
290 3202 488 3281 alopeciarum
517 3204 585 3263 31313
614 3203 769 3262 anserinae
802 3202 897 3281 adipis
929 3203 1161 3279 perfrictiones

111 3290 299 3369 supplentur.
337 3290 573 3352 Galhuaceorum
597 3300 714 3352 stercus
737 3309 806 3351 cum
824 3290 889 3351 oleo
909 3298 1037 3369 utroque
1056 3307 1123 3367 pcr-

111 3382 236 3441 mixtum
260 3380 399 3458 alopeciis
424 3380 495 3441 utile
520 3389 572 3440 est.
616 3380 712 3458 ddeps
736 3381 839 3440 ursina
857 3397 925 3439 cum
945 3378 1053 3459 iungis,
1073 3379 1124 3457 qui

110 3471 141 3528 in
162 3467 269 3547 lychno
288 3468 427 3529 lucernae
447 3478 651 3543 concrescunt,
671 3468 794 3529 subacta
813 3476 843 3528 et
861 3467 1000 3545 alopeciis
1015 3485 1123 3545 perun·

111 3560 210 3617 ctione
234 3560 363 3637 inposita
385 3560 512 3635 pristino
536 3557 637 3618 decori
661 3566 751 3635 caput
771 3563 908 3617 revocato
932 3557 1124 3616 3313333331-

164 3666 328 3721 Msnoncous,
344 3678 384 3708 nn.
398 3669 554 3708 Haustanen.
948 3661 965 3707 4

1144 3781 1261 3969 s
