2609 4017
589 195 834 259 ..306-

204 358 283 421 bene
306 358 478 438 incaluerit,
502 358 673 419 adiciuntur
699 358 860 419 iraeadem
886 357 977 418 calice
1000 358 1038 418 dc
1060 356 1120 435 bis,
1143 376 1213 437 quae

207 467 298 528 supra
326 451 437 528 scripta
465 453 548 529 sunt,
578 446 718 507 cocliaria
744 450 803 508 tria
827 454 861 523 ct
885 464 1007 507 rursum
1029 454 1213 525 permoratur

153 549 187 599 10
207 540 346 599 universa
369 538 536 615 permixtio.
578 535 652 596 Cum
678 543 778 597 autem
801 535 899 597 calore
922 536 1084 596 sufficienti
1105 542 1212 614 tempe-

206 634 270 686 rata
294 628 352 686 erit
373 628 468 704 potio,
497 624 616 685 dabitur
639 624 786 704 epotanda
808 642 914 685 versus
936 626 1095 703 orientem,
1118 626 1211 684 statim

206 714 292 775 dolor
314 716 379 773 sine
403 712 587 774 dubitatione
611 713 753 794 cessabit3
781 715 834 774 sed
857 721 891 773 ut
913 714 1033 793 penitus
1056 711 1231 792 aboleatur,r

205 803 271 863 dari
298 804 450 882 potionem
477 801 614 863 similiter
642 803 793 881 oportebit
819 820 875 883 per
900 804 1063 881 insequens
1087 801 1208 862 biduum.

206 890 264 951 Sed
288 890 397 970 quibus
420 890 477 951 hoc
500 890 667 951 remedium
690 890 818 974 dabitur,
841 890 941 952 cibum
961 893 994 951 in
1012 889 1136 969 prandio
1153 898 1209 951 tan·

204 980 358 1040 tummodo
382 988 434 1041 aut
456 979 493 1041 de
515 987 651 1058 tempore
675 982 706 1040 in
729 999 804 1041 cena
826 982 966 1058 exiguum
988 982 1115 1061 capient,
1137 979 1209 1057 quod

205 1068 291 1129 lacile
310 1070 478 1149 conficiant,
496 1086 533 1129 ne
552 1068 640 1129 crudi
658 1087 724 1129 eam
742 1077 873 1129 sumant:
891 1076 994 1147 postea
1012 1086 1084 1129 vero
1101 1070 1133 1128 in
1146 1086 1208 1129 con·

205 1158 394 1219 suetudinem
413 1160 509 1218 victus
527 1160 576 1218 sui
592 1159 794 1218 remittentur.
830 1157 987 1237 Oportebit
1004 1165 1105 1218 antem
1121 1175 1210 1217 reme·
1220 1174 1242 1214 n

204 1246 299 1307 diatos
322 1264 383 1306 non
401 1248 634 1326 intemperanter
657 1248 689 1307 in
712 1246 846 1307 maurum
865 1248 967 1307 vinum
986 1245 1098 1306 bibere.
1131 1245 1211 1305 Ihm·

204 1336 262 1395 etsi
284 1336 365 1395 enim
390 1353 406 1395 a
432 1333 490 1395 coli
512 1334 614 1395 dolore
632 1336 693 1395 tuti
710 1335 831 1417 fuerint,
854 1344 988 1395 metuere
1006 1334 1101 1395 nihilo
1119 1336 1213 1394 minus

203 1422 322 1501 debent,
345 1441 383 1483 ne
407 1422 463 1483 alia
486 1431 570 1502 parte
591 1426 728 1503 corporis
746 1442 840 1503 acque
860 1423 1035 1485 adliciantur
1053 1422 1094 1483 ob
1111 1424 1212 1483 intem·

203 1514 376 1592 perantiam,
400 1512 439 1573 ob
462 1530 551 1591 qnam
574 1514 678 1591 utique
702 1511 767 1572 colo
790 1513 909 1573 fucrant
930 1519 998 1572 ante
1020 1514 1128 1572 vexati

150 1610 184 1660 11
293 1600 452 1662 Antidotus
469 1600 633 1681 Cosmiano,
652 1620 729 1680 quae
748 1602 820 1662 iacit
837 1603 913 1661 mire
931 1601 967 1661 ad
986 1599 1095 1681 colum,
1113 1600 1212 1661 eadem
1223 1618 1244 1658 a

203 1697 303 1749 movet
320 1692 438 1751 urinam
456 1697 487 1751 et
504 1689 627 1770 prodest
645 1691 728 1750 omui
746 1690 886 1750 adversae
899 1689 1070 1770 valetudini,
1088 1697 1173 1750 sanat
1186 1699 1213 1749 et

202 1777 369 1839 inflationes
397 1779 580 1857 periculosas
608 1780 741 1839 omnium
769 1778 816 1839 rel
840 1777 1037 1857 plurimorum
1059 1780 1212 1839 intestino·

201 1883 282 1948 rum,
311 1885 399 1945 quem
427 1867 565 1928 morbum
593 1866 700 1928 Graeci
726 1867 806 1928 ileon
833 1866 995 1948 appellant3
1022 1867 1094 1927 facit
1121 1873 1154 1927 et
1178 1866 1212 1927 ad

201 1953 388 2035 hydropicos,
411 1957 569 2017 conficitur
590 1958 647 2016 sic:
671 1955 836 2017 Sorborum
854 1958 1116 2017 semimatnrornm
1135 1954 1212 2034 XX,

200 2042 345 2102 marrubii
374 2046 440 2103 suci
466 2043 491 2103 X
514 2042 609 2125 XIIII,
642 2052 820 2105 centaureae
847 2046 947 2105 tennis
979 2046 1045 2105 suci
1071 2042 1097 2103 X
1125 2043 1244 2123 nitito

201 2129 300 2189 scillae
325 2134 390 2190 suci
413 2130 547 2211 XXIIII,
571 2132 784 2213 mandragorae
807 2135 873 2195 suci
896 2133 921 2193 X
943 2131 988 2212 VI,
1010 2132 1147 2193 hastulae
1170 2150 1213 2192 re-

200 2220 264 2296 giae
289 2221 354 2279 suci
377 2218 403 2279 X
426 2217 477 2301 VI,
504 2222 565 2299 opii
592 2220 708 2302 XIIII,
736 2222 840 2283 laseris
863 2222 1018 2301 Cyrenaici
1041 2220 1067 2280 X
1090 2220 1117 2300 l,
1145 2221 1213 2300 polii

200 2308 266 2367 suci
290 2304 315 2367 X
338 2306 389 2390 VI,
413 2311 591 2389 opopanacis
614 2309 641 2370 X
663 2309 731 2391 IIII,
759 2329 845 2371 rosae
868 2312 990 2371 caninae
1014 2310 1081 2371 suci
1103 2308 1130 2369 X
1153 2309 1213 2384 IIII,

200 2395 316 2474 galbani
344 2395 370 2456 X
394 2397 460 2479 1111,
489 2400 617 2459 castorei
645 2398 761 2478 XIIII,
789 2402 900 2478 agarici
927 2396 1044 2480 XIIII,
1075 2402 1212 2477 sagapeni

201 2482 226 2545 X
250 2482 287 2566 X,
310 2489 439 2565 gummis
461 2486 487 2547 X
511 2485 573 2567 IIII,
596 2489 765 2548 artemisiae
789 2490 854 2549 suci
877 2487 989 2567 XIIII,
1007 2489 1124 2547 cicutae
1148 2490 1244 2547 sacia

200 2571 313 2655 XIIII,
341 2578 458 2636 resinae
482 2574 702 2636 terebinthinae
725 2575 837 2656 XIIII,
862 2576 995 2637 mileiolii
1017 2578 1083 2636 suci
1108 2574 1211 2656 XIIII,
1284 2615 1285 2620 κ

198 2662 304 2723 trifolii
327 2666 392 2724 suci
415 2663 522 2742 XIIII,
545 2666 613 2725 vitis
636 2664 720 2724 albae
738 2668 804 2725 suci
821 2664 847 2723 X
867 2663 927 2744 VII,
950 2664 1130 2743 plantaginis
1149 2666 1211 2725 suci
1284 2713 1285 2740 3

198 2749 225 2810 X
243 2751 280 2830 II,
303 2752 428 2813 bidellae
447 2752 473 2811 X
491 2752 555 2833 IIII,
573 2752 750 2813 draconteae
768 2753 878 2814 radicis
897 2752 923 2813 X
941 2751 1003 2831 IIII,
1026 2759 1126 2813 terrae
1144 2752 1211 2813 mab

197 2837 224 2898 X
247 2838 287 2919 II,
314 2839 388 2901 rhus
418 2840 554 2921 Syriacae
578 2839 603 2900 X
626 2840 678 2921 VI,
706 2844 787 2901 acori
815 2850 846 2902 et
874 2843 951 2902 asari
978 2841 1004 2901 X
1031 2843 1141 2920 quinos
1167 2840 1210 2901 vel

198 2944 295 3006 senos,
313 2928 437 2989 meliloti
452 2928 476 2989 X
490 2928 537 3009 VI,
555 2928 653 2990 inulae
668 2929 778 2991 radicis
792 2930 818 2989 X
832 2928 878 3012 Vl,
896 2928 1097 3009 glycyrrhizac
1111 2929 1139 2989 X
1153 2928 1208 3010 Vll,
1219 2946 1242 2986 ao
1284 2949 1285 2992 4

196 3032 303 3075 erucae
331 3016 440 3078 radicis
464 3015 489 3076 X
508 3017 572 3099 VII,
599 3020 720 3097 panacis
744 3017 838 3098 XVI,
866 3021 969 3097 cyperi
994 3018 1106 3099 XIIII,
1134 3026 1207 3079 stoe-
1284 3013 1285 3072 3

196 3103 307 3165 chados
330 3104 356 3165 X
379 3105 430 3188 VI,
458 3107 588 3185 iuniperi
611 3106 637 3165 X
661 3105 740 3188 VIII,
767 3105 905 3168 abrotoni
932 3105 1049 3187 XIIII,
1076 3107 1207 3168 chamae·
1284 3085 1285 3150 l

288 3281 321 3331 12
341 3276 421 3333 dolor
439 3278 468 3331 ei
485 3276 536 3331 uli.
647 3282 680 3331 15
700 3277 851 3333 cosmiana
868 3282 918 3335 lm
940 3283 973 3332 ot
989 3278 1114 3344 videtur,
1136 3294 1207 3333 noue
1284 3287 1285 3290 ’

193 3347 293 3403 liltera's
319 3350 405 3403 masis
428 3350 462 3404 ab
487 3349 575 3403 altero
598 3364 686 3403 mauu
712 3351 845 3418 scriptam
868 3354 908 3404 est
931 3349 1047 3404 Cosmao
1074 3348 1204 3404 damiani.

197 3422 230 3469 16
249 3416 414 3473 valitudinis
435 3420 504 3489 (sic).
563 3425 597 3473 at
616 3419 758 3490 hastulae]
778 3418 863 3474 asela.
923 3426 958 3473 at
975 3420 1112 3476 vocabulo
1129 3436 1205 3490 saga·
1284 3481 1285 3484 Ἴ

194 3486 262 3553 peni
275 3486 302 3541 X
315 3488 377 3557 IIII,
396 3489 517 3559 gummis
532 3488 559 3543 X
571 3488 633 3556 1111,
648 3490 807 3544 artemisiae
822 3490 881 3545 suci
894 3489 922 3543 X
934 3490 986 3543 IIII
999 3507 1051 3547 om.
1088 3497 1124 3546 29
1139 3489 1204 3561 ayri-
1284 3501 1285 3522 ³

194 3570 252 3612 aaa.
326 3560 411 3629 asari]
431 3560 508 3615 astri.
585 3563 620 3613 30
638 3559 803 3629 glyceriaao.
876 3567 909 3615 31
929 3561 1047 3617 radices.
1284 3525 1286 3636 b

47 3660 162 3893 Ὗ
