2609 4017
576 145 814 210 -296-

187 310 285 370 occisa
308 308 412 388 luerit,
435 307 472 367 ad
495 315 630 368 ventrem
654 325 741 368 suum
766 306 878 387 alliget3
897 307 933 367 dc
954 305 1046 367 herba
1072 325 1209 389 quoque,

187 416 263 477 quac
286 400 381 457 muris
404 395 536 457 auricula
560 395 680 477 dicitur,
703 413 809 455 novem
828 396 897 455 folia
916 394 999 456 tollat
1018 404 1137 456 etcum
1157 398 1207 475 pi-

187 489 268 565 peris
295 487 395 565 granis
422 483 501 545 Vllll
528 491 605 545 terat
633 492 664 545 et
693 502 728 543 ex
757 502 833 562 aqua
862 482 945 543 bibat
972 501 1027 562 per
1056 484 1208 545 triduum.

134 587 168 635 21
188 574 278 635 Talus
307 591 426 653 quoque
453 572 564 651 leporis
593 572 758 633 ventriculo
787 571 953 650 subligatus
980 570 1114 633 dolorem
1139 576 1211 634 eius

135 676 170 724 22
189 662 328 723 excludit
368 660 541 722 Lenticulae
568 659 686 722 hemina
713 662 746 720 in
772 667 857 720 aceto
884 660 1046 721 madefacta
1074 671 1104 721 et
1135 661 1237 722 cibos

138 764 171 812 23
190 752 333 829 potuique
363 748 429 809 data
457 750 557 810 ieiuno
586 751 734 810 extinctos
761 747 924 809 lumbricos
953 751 1064 809 eximit.
1107 749 1210 811 Malva

189 856 257 898 cum
288 839 392 915 senapi
414 844 497 897 cocta
521 845 552 897 ot
573 839 605 897 in
629 836 720 897 calice
743 839 838 915 posita
861 855 895 896 ac
919 835 1090 898 sorbitionis
1112 838 1209 898 modo

137 938 172 987 24
191 928 310 1004 saepius
339 932 454 1004 gustata
483 925 633 986 succurrit
660 924 804 986 molestiis
826 924 1050 985 lumbricorum.
1090 926 1210 986 Grano

190 1032 257 1075 rum
280 1014 317 1074 de
340 1013 425 1075 malis
443 1013 564 1074 Punicis
587 1012 719 1073 dulcium
741 1012 954 1092 acidorumque
973 1028 1064 1073 sucus
1082 1033 1210 1093 expres

190 1120 242 1163 sus
266 1121 352 1182 passo
377 1102 509 1184 eiusdem
532 1119 691 1161 mensurae
714 1103 890 1162 inmiscetur
912 1104 1106 1181 potionesque
1127 1102 1210 1163 dnae
1223 1116 1250 1155 1⁰

189 1191 226 1251 dc
255 1192 402 1271 permixto
430 1191 507 1249 liunt
534 1197 563 1249 et
590 1207 649 1249 una
678 1198 746 1250 ante
778 1207 881 1250 cenam
913 1190 1014 1270 datur,
1046 1189 1101 1251 alia
1134 1199 1210 1269 post

190 1297 307 1358 cenam,
335 1285 454 1357 postera
483 1277 532 1337 die
560 1280 683 1338 tertiave
710 1275 874 1338 lumbricos
901 1278 948 1338 vel
975 1280 1070 1339 tineas
1097 1288 1210 1357 poten-

189 1373 236 1426 ter
259 1365 387 1445 expellit.

136 1463 171 1513 25
280 1452 403 1515 Stercus
427 1456 581 1533 caprinum
605 1453 721 1514 aridum
744 1456 849 1515 tritum
871 1452 987 1514 adiecto
1009 1452 1096 1513 melle
1114 1458 1211 1533 potui

136 1554 171 1602 26
191 1542 292 1603 datum
311 1560 348 1603 ex
366 1560 442 1621 aqua
461 1541 553 1603 calida
571 1544 646 1603 mire
665 1541 805 1621 producit
822 1542 926 1601 tineas.
958 1541 1077 1602 Corvini
1090 1560 1210 1603 cornus
1223 1556 1247 1595 1⁵

190 1630 329 1692 conbusti
356 1633 432 1692 cinis
464 1634 553 1692 tritus
580 1649 616 1691 ex
644 1648 720 1709 aqua
746 1637 836 1709 potus
864 1632 959 1690 tineas
986 1636 1123 1707 potenter
1158 1650 1210 1691 ex-

136 1730 169 1780 27
190 1718 280 1798 pellit.
318 1718 448 1780 Baianus
472 1738 508 1779 cx
532 1737 607 1797 aqua
629 1718 665 1778 ad
689 1720 793 1779 tertias
816 1717 994 1796 decoquitur
1017 1736 1111 1796 caque
1131 1722 1208 1779 vino

136 1818 170 1867 28
190 1809 281 1867 mixta
304 1807 341 1867 ad
364 1807 552 1885 extirpandas
575 1809 671 1867 tineas
694 1806 808 1867 utiliter
829 1804 952 1866 bibitur.
988 1805 1083 1866 Radix
1101 1807 1209 1867 inulae

190 1897 221 1955 in
244 1897 313 1955 uino
332 1894 519 1977 decoquitur,
543 1895 649 1956 deindo
669 1912 761 1956 sucus
779 1897 844 1956 eius
863 1896 1039 1972 exprimitur
1056 1897 1209 1975 potuique

190 1982 278 2043 datur
301 1982 337 2042 ad
359 1985 455 2043 tineas
474 1984 654 2063 enecandas;
679 1983 731 2043 sed
751 2002 785 2043 ea
803 1982 887 2043 radix
905 1992 1096 2061 posteaquam
1115 1992 1209 2045 eruta
1221 1994 1248 2032 ²⁰

137 2081 170 2130 29
191 2077 245 2149 est,
270 2077 381 2129 terram
404 2088 463 2129 non
487 2070 576 2131 debet
599 2071 760 2151 adtingere.
802 2071 907 2131 Aleum
929 2073 961 2131 in
984 2070 1130 2131 oenomeli
1155 2072 1210 2131 de

193 2163 311 2217 coctum
335 2165 365 2217 et
388 2167 521 2217 voratum
545 2159 680 2236 proderit
702 2159 856 2221 lumbricis
877 2160 922 2219 vel
940 2160 1029 2219 tineis
1046 2160 1210 2239 necandis3

193 2263 268 2323 aqua
292 2262 419 2326 quoque,
441 2248 473 2306 in
497 2264 554 2324 qua
577 2246 674 2326 lupini
692 2248 809 2309 decocti
826 2248 947 2327 luerint,
970 2247 1068 2308 addita
1086 2255 1157 2307 ruta
1177 2260 1210 2309 et

138 2346 173 2395 30
191 2334 296 2411 pipere
319 2335 390 2394 trito
409 2336 494 2413 potui
512 2334 577 2396 data
597 2336 742 2397 medetur.
778 2338 865 2397 Acini
883 2340 945 2397 sive
964 2334 1096 2414 corymbi
1113 2336 1208 2396 bede-

192 2440 242 2483 rae
262 2428 324 2482 tres
343 2425 465 2483 contriti
483 2425 514 2483 in
534 2423 660 2503 oxymeli
678 2424 792 2485 utiliter
811 2425 969 2485 adversum
984 2426 1079 2484 tineas
1096 2422 1208 2485 bibun·
1222 2434 1248 2473 ὅ

192 2519 242 2572 tur
265 2517 316 2571 aut
338 2514 434 2572 ventri
457 2511 631 2573 inlinuntur.

138 2612 172 2661 31
283 2598 421 2660 Absinthi
439 2602 512 2660 sicci
527 2599 679 2661 Santonici
697 2600 836 2661 conbusti
850 2600 987 2680 cyathum
1002 2618 1104 2678 unum,
1117 2602 1208 2660 corni

192 2689 305 2749 cervini
329 2687 467 2748 conbusti
485 2689 622 2767 cyathum
641 2707 744 2769 unum,
762 2690 822 2768 apii
840 2691 963 2750 seminis
980 2691 1045 2749 triti
1063 2688 1207 2768 cyathum

192 2794 284 2837 unum
308 2774 448 2836 miscebis
472 2783 502 2836 et
524 2778 638 2858 ieiuno,
667 2778 718 2856 qui
742 2779 839 2838 tineas
866 2777 1087 2855 lumbricosque
1110 2778 1206 2855 patie-
1292 2783 1293 2790 ’

191 2872 249 2942 tur,
271 2881 309 2923 ex
332 2881 407 2942 aqua
426 2862 519 2923 calida
537 2867 622 2943 potui
640 2864 724 2925 dabis
742 2865 912 2925 moderatus
931 2880 1101 2925 mensuram
1120 2866 1205 2925 iuxta
1218 2874 1245 2914 ⁸⁰
1292 2871 1293 2930 ]

191 2958 316 3011 aetatem
340 2954 493 3012 sumentia.
1292 2941 1293 2974 ¹

137 3050 171 3100 32
279 3037 324 3097 Ad
346 3037 509 3099 lumbricos
532 3039 683 3101 eiciendos
704 3040 871 3101 remedium
894 3042 1003 3101 mirum
1027 3042 1083 3101 sic:
1117 3040 1204 3101 Satu-
1292 3023 1293 3060 ³

190 3128 270 3187 reiae
299 3126 408 3186 fascem
437 3126 549 3188 bonum
572 3146 640 3189 cum
664 3146 757 3208 aquae
780 3126 811 3188 θ
831 3126 871 3187 111
895 3130 995 3189 mittes
1013 3129 1045 3188 in
1068 3147 1120 3189 vas
1142 3147 1204 3189 am-

190 3215 273 3294 plum
301 3221 331 3275 et
359 3213 516 3294 diligenter
533 3215 676 3298 claudes,
703 3228 822 3296 postera
850 3215 897 3276 die
925 3215 1035 3277 colabis
1059 3224 1089 3278 ot
1112 3217 1204 3278 addes

262 3422 327 3473 3et
345 3426 409 3475 ante
427 3438 460 3475 ex
478 3437 528 3477 om.
606 3424 640 3472 23
659 3419 752 3475 fuerit.
829 3426 863 3475 24
881 3420 971 3488 putui.
1052 3427 1088 3476 30
1106 3419 1203 3475 modo-

190 3487 283 3542 raism
302 3490 462 3546 Ooroarius.
548 3494 582 3543 32
601 3488 763 3544 lumbricus.
854 3489 1006 3561 satureiae]
1025 3490 1203 3560 ssdursgem.

46 3701 202 3983 ,ι
