2609 4017
490 202 711 266 ..37-

94 384 164 427 cum
193 364 280 427 mello
307 368 400 426 mixtu
428 367 461 425 in
487 364 593 425 balneo
623 364 700 425 lava:
731 366 831 425 statim
859 364 989 427 cessabit
1016 365 1108 427 dolor.

93 452 187 515 Intibi
215 456 334 515 contusi
360 471 466 515 sucum
494 453 560 515 olco
586 471 710 515 rosaceo
737 461 769 514 et
794 460 879 515 aceto
906 456 969 515 acri
993 454 1109 533 aequali
1126 466 1162 515 99

93 561 237 605 mensura
259 544 385 604 mixtum
409 544 498 623 999191
520 541 682 605 laborantis
705 543 838 604 infunde.
884 541 1057 623 Serpullnm
1079 545 1111 604 in
1129 555 1173 605 99.

94 639 181 693 99999
210 632 367 693 decoctum
395 631 488 692 fronti
516 630 678 692 laborantis
705 631 829 693 infundo
856 631 903 693 vel
927 630 1114 711 temporibus

67 722 232 801 sinponito
256 729 287 781 99
309 723 335 781 91
359 738 482 782 somnus
508 720 638 781 difficilis
657 728 716 802 cst,
739 720 804 781 oleo
822 719 1007 801 amygdalino
1024 728 1115 801 caput

94 826 240 889 perunge.
276 808 367 870 Betae
385 812 487 889 nigrae
507 827 597 871 sucus
616 808 801 888 temporibus
821 808 949 871 dolentis
963 811 1111 890 inpositus
1132 822 1169 871 st

95 901 207 959 mirum
236 899 401 959 remedium
429 906 482 960 999.
528 896 637 959 Rutam
665 898 790 959 viridem
813 899 913 959 tritam
937 916 1004 959 cum
1028 907 1114 960 aceto
1132 908 1168 959 99

95 988 245 1048 acerrimo
269 994 299 1048 99
322 987 387 1049 9199
409 1004 532 1049 rosaceo
550 986 668 1066 aequali
685 1004 826 1048 mensura
845 996 908 1049 toto
926 989 1017 1067 capiti
1035 986 1115 1048 labo

94 1078 193 1138 rantis
222 1075 354 1137 infunde.
391 1076 480 1137 Lauri
503 1075 593 1137 bacas
614 1074 729 1157 XXXV,
756 1077 870 1155 piperis
893 1093 983 1155 99999
1007 1073 1115 1135 XXXV
1132 1087 1167 1138 99

56 1183 81 1222 1⁰
96 1174 164 1226 tere
188 1173 218 1226 99
239 1166 328 1225 tritas
350 1183 419 1226 cum
442 1166 490 1226 ovi
512 1164 579 1226 albo
603 1163 784 1243 temperabis
811 1172 843 1226 et
864 1164 958 1226 fronti
979 1166 1115 1243 inpones.

97 1254 174 1315 Ossa
199 1254 236 1315 de
254 1254 381 1333 persicis
402 1255 491 1315 etiam
510 1252 663 1314 duracinis
682 1253 801 1331 franges
819 1260 851 1313 et
867 1252 992 1315 nucleos
1010 1270 1114 1314 eorum
1133 1264 1167 1315 97

96 1342 223 1421 colliges
246 1351 276 1404 99
299 1342 425 1403 siccabis
448 1344 480 1403 in
503 1342 609 1404 umbra
633 1350 664 1403 et
687 1359 755 1403 cum
778 1359 902 1405 necesse
921 1342 1022 1422 fucrit,
1045 1360 1115 1404 cum

97 1434 148 1493 ovi
171 1430 238 1493 albo
261 1431 440 1511 temperabis
464 1438 495 1492 et
512 1430 604 1492 fronti
623 1432 848 1510 superinpones.
887 1430 983 1511 Caput
1000 1432 1027 1492 si
1045 1432 1113 1510 quis
1131 1442 1156 1491 99

97 1523 143 1582 919
167 1520 312 1601 doluerit,
340 1528 373 1581 ut
396 1519 526 1581 medium
549 1518 622 1581 findi
643 1518 794 1601 videatur,
820 1518 949 1581 hederae
972 1527 1116 1582 contusae

56 1623 82 1666 9
99 1627 209 1671 sucum
232 1627 287 1690 per
308 1608 464 1671 linteolum
487 1608 645 1670 delicatum
668 1608 813 1669 mundum
836 1610 982 1688 exprimat
1002 1616 1033 1668 99
1050 1607 1117 1668 oleo

98 1701 191 1759 etiam
213 1716 337 1760 rosaceo
360 1697 522 1759 admisceat
544 1704 575 1758 et
597 1699 640 1758 sic
659 1696 788 1758 frontem
807 1703 838 1757 et
855 1703 989 1776 tempora
1007 1713 1117 1775 perun·

98 1795 151 1867 gat
171 1794 201 1847 et
220 1786 345 1847 cerebro
364 1794 395 1847 et
412 1785 535 1848 naribus
553 1785 623 1847 indo
637 1793 669 1846 et
683 1783 826 1845 auriculis
839 1784 983 1846 infundat.
1021 1784 1116 1864 Caput
1135 1796 1169 1845 99

98 1877 128 1937 si
151 1894 188 1937 ex
207 1876 317 1956 frigore
338 1874 475 1956 doluerit,
493 1885 680 1953 unguentum
698 1875 811 1934 irinum
829 1892 898 1936 cum
916 1873 982 1935 oleo
1000 1873 1117 1935 laurino

97 1967 195 2026 misce
219 1973 250 2026 et
273 1963 447 2026 calefactum
471 1962 596 2025 cerebro
618 1962 801 2042 superfundo
825 1971 855 2025 99
877 1964 1002 2043 insuper
1020 1962 1117 2024 lanam

55 2068 84 2106 20
100 2061 224 2115 unctam
252 2056 331 2114 circa
359 2061 448 2133 caput
475 2070 561 2131 pone.
609 2050 641 2111 st
664 2054 715 2113 cui
736 2052 816 2114 nulla
841 2052 878 2114 de
900 2070 989 2115 causa
1013 2051 1171 2114 subitotoo

100 2149 193 2222 caput
217 2149 246 2202 ct
270 2149 403 2221 tempora
427 2140 591 2222 doluerint,
618 2158 718 2221 myrra
741 2159 778 2202 cx
800 2143 869 2202 vino
891 2144 1023 2203 crassius
1046 2142 1119 2201 trita

100 2239 238 2310 tempora
266 2230 391 2312 oblinat,
419 2230 466 2291 rel
493 2229 590 2291 fabam
618 2229 728 2290 fresam
755 2232 786 2290 in
815 2248 891 2310 aqua
913 2232 999 2309 prius
1023 2246 1118 2290 mace·

99 2329 211 2401 ratam,
236 2328 339 2398 postea
362 2322 393 2379 in
417 2321 485 2379 vino
503 2319 657 2380 decoctam
675 2320 777 2379 tritam
799 2318 875 2379 benc
899 2318 1005 2380 inlinat
1027 2318 1120 2379 fronti

100 2408 151 2469 vel
174 2407 262 2469 bacas
285 2406 362 2469 lauri
384 2409 481 2487 inpari
504 2425 630 2468 numero
652 2416 788 2468 conterat
813 2410 911 2488 prius,
938 2406 1045 2468 deinde
1070 2406 1119 2467 ad-

58 2508 85 2549 26
102 2499 198 2558 mixto
226 2496 290 2557 9199
319 2496 490 2575 diligentius
518 2496 595 2557 terat
627 2496 664 2557 ad
692 2498 787 2557 instar
815 2495 929 2575 collyrii
957 2504 987 2557 99
1015 2501 1119 2575 postea

100 2588 134 2646 in
154 2585 238 2647 fictili
261 2584 413 2647 calefaciat
436 2603 532 2664 eoque
555 2593 645 2665 caput
667 2584 819 2663 perfricet.
856 2583 996 2662 Purgatio
1015 2593 1171 2645 autcmlut

102 2676 220 2754 capitis,
243 2692 281 2734 nc
305 2690 395 2753 supra
418 2676 529 2753 scripta
552 2680 722 2751 nascantur,
745 2672 902 2732 utilissima
921 2671 1018 2731 fertur
1036 2669 1119 2751 baec,

103 2766 129 2823 si
152 2762 257 2843 hysopi
281 2770 332 2823 aut
356 2764 470 2841 origeni
492 2760 714 2823 summitatibus
737 2762 874 2821 contritis
897 2768 928 2821 et
951 2778 987 2821 ex
1005 2758 1120 2821 mulsae

103 2870 199 2931 aquae
223 2850 318 2930 cotyla
341 2850 463 2930 dimidia
486 2852 579 2911 coetis
603 2866 636 2910 99
660 2848 783 2910 adsidue
808 2848 966 2911 conlucris.
1003 2849 1172 2929 Capitisror

61 2951 89 2991 ³⁰
106 2940 208 3001 ulcera
241 2942 300 3001 cito
330 2948 485 3021 sanantur,
518 2941 543 2999 si
572 2956 644 3000 suco
673 2938 710 2999 de
738 2938 824 3000 betae
851 2938 950 3000 radice
978 2957 1118 3019 expresso

104 3037 195 3109 caput
218 3031 249 3089 in
272 3027 378 3088 balneo
402 3028 589 3107 perfricatur.
631 3027 664 3088 Si
687 3028 737 3088 cui
759 3030 791 3088 in
814 3030 910 3107 999199
933 3028 1040 3089 tubera
1063 3045 1112 3088 na·
1120 3040 1171 3090 199

105 3126 245 3199 scuntur,
279 3119 416 3195 cupressi
447 3116 536 3178 bacas
564 3116 676 3177 virides
708 3118 739 3176 in
771 3118 840 3177 rino
868 3116 1006 3178 decoctas
1033 3118 1119 3179 tritas

105 3206 263 3268 tuberibus
287 3206 423 3287 adponat,
445 3208 486 3267 ita
509 3213 543 3267 ut
565 3223 620 3284 per
643 3205 708 3265 dies
731 3206 863 3284 quinque
885 3206 919 3264 in
940 3206 1036 3285 capite
1057 3204 1119 3265 alli·

105 3303 207 3374 gatum
226 3302 256 3356 et
275 3296 424 3374 signatum
442 3295 625 3356 medicamen
644 3300 774 3375 maneat3
797 3302 866 3373 post
884 3292 963 3354 diem
982 3295 1120 3373 quintum

64 3382 201 3445 99991999
223 3402 257 3445 ac
276 3392 400 3445 renovet
423 3391 454 3444 99
475 3383 542 3464 boc,
565 3386 592 3443 si
614 3400 737 3443 necesse
756 3382 856 3464 fuerit,
878 3389 925 3442 ter
943 3390 995 3443 999
1014 3390 1120 3462 quater

181 3506 194 3553 1
215 3500 344 3556 cessauit.
420 3506 453 3555 10
471 3500 518 3556 ori
536 3501 650 3570 scripsi:
669 3516 729 3556 oro.
801 3504 835 3553 14
852 3499 986 3570 hederae]
1006 3499 1119 3555 hebere.

108 3572 256 3627 99119999.
328 3576 363 3627 20
382 3572 465 3627 circu.
537 3576 572 3625 98
590 3569 699 3626 mulsos
717 3570 820 3642 equae]
839 3570 994 3638 mulsoque.

1138 3791 1253 3973 s
