2609 4017
567 176 609 187 -
655 142 723 207 280
766 177 810 187 -

181 303 263 365 croci
290 296 330 389 2·
354 301 407 383 ΙΙΙ,
435 321 551 383 myrrae
578 304 786 384 troglodytidis
811 297 851 390 2·
873 302 922 365 ΙΙΙ
967 302 1094 383 Colliges
1119 304 1205 365 baec

182 411 250 454 cum
269 410 345 471 aqua
364 401 415 453 aut
433 410 502 453 cum
520 395 587 453 vino
607 401 730 473 myrteo,
753 392 785 453 id
804 401 851 453 est
868 394 900 453 in
919 410 979 471 quo
997 394 1087 472 myrti
1104 391 1205 454 bacae

181 483 325 543 coxerint.
360 479 425 541 Hoc
447 483 546 560 ipsum
568 482 820 543 medicamentum
839 483 936 542 ventri
953 481 1133 563 adpositum,
1159 484 1203 542 ita

181 578 216 631 ut
239 576 341 631 ceroto
364 571 493 648 myrtino
517 569 687 651 colligatur,
714 570 862 649 epithema
885 570 1076 651 dysintericis
1105 572 1202 649 aptis-

182 660 290 721 simum
313 664 368 718 est.
1215 673 1232 715 s

127 758 162 807 33
271 745 411 807 Tormina
429 746 612 825 patientibus
629 747 717 808 multi
735 754 869 808 ventrem
887 748 1013 808 virentis
1033 751 1129 809 anatis
1150 748 1202 809 ad·
1288 795 1289 800 Ι

181 842 298 915 ponunt
325 835 514 898 adfirmantes
542 839 670 898 transire
697 836 835 897 morbum
863 836 900 896 ad
927 844 1044 897 anatem
1072 856 1200 916 eamque

182 925 272 1005 mori;
295 924 375 1004 quod
398 926 425 984 si
447 926 668 1004 verpertilionis
686 927 830 1005 sanguine
848 932 984 985 ventrem
1003 925 1118 987 oblinas
1137 936 1201 986 tor·

129 1023 165 1073 34
182 1014 300 1092 minosi,
322 1015 354 1073 iu
378 1031 465 1074 omne
487 1022 607 1093 tempus
630 1014 732 1075 dolore
755 1013 908 1074 relevabis.
946 1014 979 1074 Si
1001 1016 1033 1075 iu
1051 1034 1127 1095 aqua
1149 1015 1201 1075 iri·
1288 1055 1289 1084 2

183 1101 250 1180 gida
278 1101 479 1180 dysintericos
505 1103 597 1183 pedes
625 1121 722 1182 usque
751 1103 787 1163 ad
810 1102 947 1182 genicula
968 1111 1073 1183 ponat,
1096 1104 1152 1164 sed
1176 1106 1203 1164 si
1218 1118 1247 1155 1⁰

183 1209 244 1251 non
267 1189 457 1271 febricitabit,
481 1199 511 1252 et
534 1192 571 1252 de
590 1193 660 1252 vino
679 1200 799 1254 austero
817 1194 969 1271 potionem
988 1191 1202 1253 calidissimam
1288 1261 1289 1264 Ἴ

184 1278 275 1359 bibat,
299 1281 357 1340 cito
381 1278 542 1340 sanabitur.
1288 1325 1289 1364 3

130 1382 163 1433 35
272 1366 425 1428 Confectio
443 1368 648 1430 medicaminis
663 1370 732 1430 miri
746 1369 904 1430 adversum
919 1369 1125 1448 dysinteriam:
1144 1368 1201 1429 'l'e
1288 1379 1289 1430 J

185 1464 259 1517 stam
283 1455 428 1537 locustae,
453 1456 483 1517 id
507 1465 553 1519 est
576 1456 657 1517 illam
679 1459 830 1537 spinosam
852 1456 900 1518 vel
921 1456 1098 1539 aculeatam,
1121 1476 1201 1536 quac
1288 1493 1289 1536 t

184 1555 230 1607 est
257 1547 339 1606 iuxta
367 1553 469 1624 capnt,
497 1545 646 1607 coubures
675 1546 769 1607 nitide
798 1555 828 1607 et
856 1553 959 1625 postea
986 1553 1079 1626 teres,
1108 1554 1144 1607 nt
1168 1549 1199 1606 in
1214 1560 1242 1600 ιε
1288 1581 1289 1586 1

184 1636 393 1696 tenuissimum
416 1635 570 1713 pulverem
589 1635 717 1716 redigas,
740 1642 770 1695 et
790 1637 834 1696 sic
853 1636 889 1715 ei,
913 1636 966 1714 qui
983 1637 1097 1696 ventris
1114 1634 1200 1695 fluxu
1288 1647 1289 1698 ξ

186 1723 231 1783 vel
259 1742 364 1785 rosura
391 1722 550 1805 laborabit,
578 1742 614 1783 ex
641 1725 710 1784 vino
734 1731 848 1805 vetere,
877 1726 902 1783 si
924 1741 986 1784 nou
1008 1723 1199 1804 febricitabit,
1288 1715 1289 1778 Ι

185 1820 236 1873 aut
263 1814 290 1872 si
316 1812 479 1891 inaequalis
507 1815 577 1894 erit,
612 1830 649 1872 ex
677 1812 771 1873 calida
797 1830 873 1891 aqna
902 1812 998 1893 dabis,
1028 1814 1069 1872 ita
1099 1820 1134 1872 nt
1163 1812 1199 1872 de
1288 1813 1289 1890 l

185 1899 310 1978 singulis
339 1899 463 1962 locustis
490 1908 582 1962 testas
610 1900 742 1980 singulas
769 1902 900 1979 integras
926 1908 1045 1961 exustas
1066 1918 1122 1979 per
1145 1902 1199 1960 tri·

185 1988 278 2049 duum
301 1987 399 2069 hibat3
422 1990 497 2049 mire
521 1989 683 2050 sanabitur.
1212 2002 1242 2040 ²⁰

132 2091 166 2140 36
274 2076 370 2136 Mellis
392 2076 551 2159 heminam,
575 2079 635 2138 vini
653 2079 763 2138 veteris
781 2078 953 2156 sextarium,
975 2077 1089 2154 piperis
1107 2094 1198 2155 grana

185 2166 314 2226 ducenta
337 2172 417 2225 teres
440 2164 598 2247 diligenter
622 2173 653 2227 et
676 2165 828 2227 conditum
849 2183 885 2225 cx
903 2164 950 2225 bis
969 2163 1067 2225 tribus
1086 2167 1199 2244 specie·

186 2253 242 2314 bus
261 2253 352 2313 facies
372 2260 401 2313 et
417 2255 517 2315 ieiuno
533 2255 713 2334 dysinterico
733 2272 819 2314 mane
835 2253 977 2314 meralem
993 2252 1115 2314 calicem
1129 2254 1198 2314 cali·

186 2343 257 2403 dum
280 2341 401 2421 plenum
425 2342 517 2424 dabis,
542 2345 640 2404 statim
664 2342 812 2423 proderit3
836 2342 889 2403 sed
912 2344 939 2402 si
956 2360 1080 2402 necesse
1099 2342 1199 2422 inerit,
1288 2389 1289 2428 ,

186 2450 222 2493 ex
246 2450 280 2493 eo
304 2430 424 2492 condito
448 2433 546 2511 ipsum
569 2431 690 2509 plenum
713 2429 853 2491 meralem
876 2448 931 2509 per
953 2430 1087 2491 triduum
1106 2430 1241 2491 dabis.2⁵
1288 2441 1289 2444 ’

133 2534 166 2583 37
275 2519 374 2581 Lactis
398 2523 522 2600 capruni
542 2522 643 2579 statim
661 2520 749 2581 mulsi
768 2518 872 2598 grandi
890 2520 1005 2598 potioni
1023 2519 1142 2580 additur
1161 2520 1198 2580 de
1288 2569 1289 2590 ,

189 2609 311 2689 coagulo
339 2608 466 2669 haedino
492 2610 651 2688 frustrum,
680 2616 824 2687 quantum
847 2606 977 2668 avellana
1000 2607 1121 2686 grandis
1144 2617 1198 2688 est,
1288 2615 1289 2684 ζ

187 2697 266 2776 quod
294 2696 395 2774 digitis
422 2695 591 2757 medicinali
620 2704 650 2757 et
678 2696 784 2775 pollice
819 2695 968 2757 sublatum
995 2696 1042 2757 vel
1074 2699 1198 2757 missum
1288 2769 1289 2778 ἵ

187 2786 293 2845 iisdem
311 2785 411 2861 digitis
430 2791 673 2863 contemperatur
691 2792 721 2845 et
740 2785 827 2845 datur
845 2783 992 2846 laboranti
1010 2785 1198 2867 dysinterico,
1288 2799 1289 2830 Ι

188 2872 258 2932 dum
278 2870 374 2933 adhuc
393 2873 469 2933 calet
486 2873 541 2955 lac,
565 2882 724 2952 antequam
742 2872 792 2933 illo
812 2872 934 2953 coagulo
954 2875 1127 2953 stringatur,
1144 2886 1239 2953 perw

188 2959 335 3039 triduum,
354 2958 427 3020 baec
441 2964 523 3038 potio
538 2963 638 3022 ieiuno
653 2961 773 3023 dabitur
787 2969 891 3023 contra
905 2964 1048 3023 orientem
1062 2960 1197 3023 bibenda.
1288 2991 1289 3014 Ι

134 3062 169 3112 33
278 3046 438 3108 Surculum
458 3049 494 3109 de
513 3067 616 3111 ceraso
636 3050 766 3112 silvatica
786 3066 894 3111 exures
913 3058 943 3111 et
962 3050 998 3110 da
1017 3057 1093 3112 testa
1107 3053 1198 3112 ostrei

188 3154 282 3217 aeque
310 3136 400 3197 iacies
429 3137 610 3218 paribusque
638 3141 789 3200 mensuris
819 3138 972 3219 pulverem
1000 3141 1103 3200 tritum
1131 3157 1197 3201 cum
1288 3141 1289 3214 l

280 3297 292 3345 1
313 3290 416 3345 mirrea
434 3290 604 3362 trogloditis.
696 3298 712 3345 2
732 3290 816 3345 mirti.
907 3298 923 3347 3
942 3291 1078 3363 coxerint]
1102 3295 1197 3348 coctae
1288 3221 1289 3278 1

189 3360 294 3417 fuerint
314 3362 473 3418 (lunarios.
565 3368 582 3417 8
600 3361 828 3432 vespertilliouis.
920 3368 953 3417 13
972 3379 1070 3417 rosma
1086 3365 1197 3433 scripsi.-

188 3448 295 3487 resura.
342 3432 522 3503 relegastis.
568 3439 603 3486 26
622 3449 768 3501 caprunus.
805 3439 840 3488 27
859 3434 990 3503 qnagulo.
1028 3441 1062 3489 29
1081 3434 1195 3492 hisdem.

189 3506 224 3555 30
243 3502 373 3571 quugulo.
446 3508 480 3556 32
500 3501 641 3555 surculum
660 3504 772 3571 scripsi:
790 3501 926 3557 sucinum.

76 3625 221 3949 ‘l
