2609 4017
560 178 805 242 -214-

122 353 173 402 119
262 338 307 399 Ad
331 338 476 400 stomachi
496 337 630 399 dolorem
648 340 811 400 arcendum
830 357 929 419 cymas
947 340 1067 418 senapis
1086 338 1184 399 viridis

175 447 211 488 ex
240 446 316 507 aqua
343 427 501 507 diligenter
528 445 640 507 coques
668 430 700 489 in
728 428 784 489 olla
811 446 886 488 nora
917 446 1027 507 easque
1054 427 1185 488 conditas

175 516 239 577 oleo
263 524 294 577 et
317 516 478 596 liquamine
501 516 707 598 manducabis3
731 536 802 578 sane
820 515 954 596 observa,
976 524 1011 577 ut
1035 515 1186 595 paululum

122 618 172 667 120
180 604 250 665 salis
268 606 377 686 mittas,
396 605 468 666 dum
487 614 667 687 coquuntur,
685 614 810 685 propter
823 605 970 667 bromum.
998 604 1067 683 blei,
1080 613 1187 684 rutam,

175 696 338 774 cyminum,
366 695 452 773 piper
480 694 568 754 simul
596 702 661 755 tere
688 703 719 755 et
743 704 829 756 utere
853 713 907 774 pro
930 712 1058 774 oxygaro
1083 694 1121 753 ad
1143 696 1214 754 ins

121 781 341 843 tethibendum
364 782 510 843 stomachi
533 782 675 844 dolorem.
717 783 850 862 papaver
872 791 1005 843 nostrate
1024 801 1094 843 cum
1112 782 1188 843 lacte

173 889 228 930 suo
256 870 346 931 simul
373 871 522 951 decoques
550 874 582 932 in
609 890 686 952 aqua
714 880 745 932 et
771 874 866 951 ipsam
892 890 999 950 aquam
1029 871 1190 949 diligenter

121 972 170 1020 122
178 958 302 1019 colatam
330 960 511 1021 stomachico
540 979 609 1021 cum
637 960 724 1021 melle
751 960 850 1022 Attico
880 962 965 1039 potui
992 959 1086 1019 dabis
1131 959 1190 1019 lris

172 1056 278 1109 tunsae
296 1048 454 1128 heminam,
473 1051 575 1129 cyperi
593 1052 676 1110 tunsi
694 1050 844 1110 heminam
861 1052 893 1108 in
912 1051 973 1109 vini
986 1047 1104 1108 Aminei
1123 1065 1190 1107 sex-

172 1140 280 1198 tarium
303 1138 455 1217 infundes,
485 1146 517 1199 ut
540 1156 599 1198 una
622 1146 711 1199 nocte
734 1146 937 1218 macerentur,
965 1138 1073 1198 deinde
1095 1136 1190 1196 addes
1205 1156 1233 1195 ιο

171 1227 288 1287 resinae
307 1226 525 1287 terebinthinae
543 1260 588 1269 —
603 1225 690 1307 Vllll,
711 1246 798 1288 cerae
819 1260 857 1271 -
874 1225 924 1307 lll,
947 1244 1021 1306 quas
1040 1244 1108 1286 cum
1129 1224 1192 1285 olei

172 1317 287 1393 cyprini
315 1314 423 1375 selibra
451 1314 637 1397 liquefacies3
666 1315 773 1377 deinde
799 1315 890 1377 simul
917 1317 1015 1376 omnia
1044 1313 1191 1374 miscebis

171 1410 201 1462 et
224 1403 361 1463 manibus
384 1403 505 1483 subiges
524 1413 613 1483 atque
631 1404 815 1483 malagmatis
833 1422 916 1465 more
935 1402 1087 1466 stomacho
1104 1401 1190 1463 labo·

120 1493 254 1551 maranti
276 1492 415 1571 adpones.
461 1492 579 1574 Geram,
603 1493 720 1571 adipem
744 1496 911 1554 anserinam
938 1501 968 1553 et
989 1492 1132 1571 butyrum
1156 1492 1191 1551 in

172 1598 204 1639 se
233 1580 366 1660 decoque
394 1590 424 1642 et
451 1583 482 1642 in
505 1599 603 1661 panno
628 1584 711 1642 tenui
734 1583 886 1643 stomacho
910 1581 1038 1642 calidum
1060 1581 1190 1659 adpone,
1207 1598 1237 1639 ns

120 1670 334 1730 telconfestim
362 1669 458 1730 dolori
481 1670 626 1731 stomachi
649 1671 816 1731 subvenies.
862 1670 1032 1731 Peucedani
1053 1669 1190 1729 radicem

172 1761 330 1819 contritam
358 1777 394 1818 ex
422 1761 490 1820 vino
519 1761 570 1838 qui
597 1760 772 1838 frequenter
799 1758 921 1840 biberit,
956 1778 1011 1819 nec
1039 1756 1192 1819 stomachi
1292 1821 1293 1850 ,

119 1846 308 1907 luodolorem
331 1865 387 1907 nec
410 1847 559 1926 pulmonis
583 1848 766 1908 inflationem
788 1851 926 1928 patietur.
968 1848 1042 1908 ltem
1065 1846 1100 1906 ad
1125 1854 1190 1906 sto-
1292 1871 1293 1930 y

170 1935 269 1995 machi
292 1933 424 1995 dolorem
447 1937 558 2016 persici
581 1936 650 1997 lolia
673 1936 779 1997 viridia
806 1945 886 1998 teres
912 1944 942 1997 et
965 1954 1035 1997 cum
1056 1936 1191 2013 axungia
1292 1935 1293 1968 f

170 2030 270 2083 vetere
289 2033 414 2101 purgata
428 2024 549 2103 subiges
564 2033 653 2105 atque
667 2028 699 2085 in
713 2044 810 2105 panno
825 2025 862 2086 ad
876 2024 1062 2086 stomachum
1076 2040 1190 2104 pones;
1206 2042 1240 2083 so

169 2110 250 2171 idem
268 2118 398 2188 praestat
417 2119 623 2195 mentastrum,
642 2114 721 2194 quod
743 2133 834 2195 supra
847 2115 929 2193 ripas
943 2116 1084 2192 nascitur,
1102 2114 1189 2172 simi·

169 2198 238 2259 liter
261 2200 441 2277 impositum.

118 2299 169 2349 126
259 2287 440 2367 Oxyporium
460 2290 606 2370 cydonite,
626 2291 705 2369 quod
724 2292 795 2351 lacit
813 2291 848 2351 ad
868 2288 1053 2351 stomachum
1072 2296 1102 2348 et
1120 2296 1188 2349 tus·

170 2394 247 2458 sem,
275 2381 541 2457 empnenmatosim
569 2397 688 2458 quoque
717 2380 804 2441 solvit
831 2388 861 2440 et
885 2380 1079 2458 digestionem
1103 2379 1189 2437 citis-

169 2466 243 2526 sime
271 2474 415 2546 praestat,
443 2469 600 2529 conficitur
628 2470 686 2528 sic:
727 2468 863 2549 Cydonea
894 2476 1009 2529 matura
1040 2464 1188 2544 purgabis
1205 2484 1241 2525 ss

170 2555 281 2616 dosoris
309 2564 339 2617 ct
366 2555 486 2617 deintus
514 2564 544 2618 et
571 2555 711 2636 pensabis
739 2557 775 2618 ad
802 2557 901 2638 pondo
929 2558 986 2616 tria
1012 2571 1189 2633 coqucsque

56 2652 59 2659 '
170 2662 205 2704 ex
228 2644 325 2705 mulso
348 2646 380 2705 in
403 2644 460 2704 olla
482 2646 552 2706 rudi
575 2653 606 2705 et
627 2664 696 2705 cum
715 2646 827 2707 luerint
845 2655 937 2726 cocta,
961 2646 1052 2705 eicies
1070 2643 1107 2704 de
1126 2642 1189 2702 olla

169 2734 200 2792 in
224 2736 355 2793 catinum
379 2732 425 2792 vel
449 2736 635 2815 mortarium,
659 2734 810 2812 separabis
834 2734 941 2795 deinde
964 2750 1069 2794 sucum
1089 2730 1184 2810 illum,

171 2837 260 2898 quem
284 2828 406 2881 excocta
430 2821 609 2902 dimiserint;
634 2832 740 2900 postea
762 2824 897 2883 remittes
918 2822 1050 2902 cydonea
1068 2821 1134 2898 ipsa
1153 2822 1187 2880 in

169 2906 256 2967 olhm
285 2917 315 2968 et
342 2917 414 2969 tuno
442 2910 533 2970 addes
560 2911 604 2971 ihi
631 2912 709 2971 aceti
736 2911 835 2989 pondo
858 2912 931 2991 dno,
958 2909 1055 2971 mellis
1078 2910 1189 2987 optimi
1204 2926 1239 2967 so

169 2994 268 3072 pondo
292 2997 358 3076 tria,
381 2997 451 3057 mali
473 3001 589 3075 granati
611 3001 747 3077 expressi
765 3001 927 3060 sextarium
946 3017 1049 3079 unum,
1071 3015 1188 3075 coques

169 3089 272 3161 postea
296 3082 376 3144 lento
394 3087 464 3166 igni,
488 3086 583 3147 donec
601 3104 696 3147 unum
716 3106 825 3166 corpus
843 3090 895 3148 liat
912 3095 943 3148 et
961 3085 1069 3147 habeat
1086 3085 1188 3146 mellis

170 3172 408 3254 spissitudinem,
435 3182 538 3252 postea
566 3183 665 3236 autem
692 3175 834 3236 refundes
857 3175 929 3236 illud
952 3177 984 3236 in
1008 3175 1189 3235 mortarium

170 3267 200 3320 ct
219 3268 299 3321 teres
318 3260 494 3340 diutissime,
513 3262 609 3323 donec
625 3265 722 3323 omnis
737 3264 845 3324 duritia
860 3262 1048 3341 dissolvatur,
1066 3272 1098 3323 et
1111 3262 1189 3323 dum

259 3467 481 3535 tquoqunntur.
537 3467 764 3523 oinbibendum.
821 3468 997 3523 9amminai.
1052 3474 1086 3523 23
1106 3466 1191 3523 cido-

168 3532 239 3589 nite.
312 3542 346 3591 m
365 3537 616 3606 empneumatisen.
688 3542 722 3593 29
744 3536 913 3595 demiserint.
