2609 4017
593 179 830 246 -122-

203 362 271 404 vere
302 345 436 423 gingivae
464 351 495 403 et
522 343 627 404 dentes
656 350 815 420 tangantur
842 341 965 404 adsidue
994 351 1025 403 et
1050 351 1120 422 post
1147 345 1218 403 vino

150 446 184 494 14
202 441 303 493 vetere
328 451 361 494 os
385 433 509 494 eluatur.
551 431 676 511 Senapis
699 433 783 509 grani
807 429 831 490 X
850 429 900 512 lll,
923 433 1035 511 piperis
1060 430 1126 511 XI,
1150 432 1217 492 her·

202 521 256 582 bae
275 521 462 602 peduelariae
481 524 577 581 siccae
596 520 622 580 X
641 519 687 599 VI,
710 521 812 599 cyperi
830 519 919 599 idem,
938 522 1010 581 nitri
1028 519 1054 581 X
1073 519 1108 600 II,
1130 538 1216 599 pyre-

202 611 263 672 thri
285 608 396 690 XIIII,
423 611 538 688 origani
561 608 658 688 XIII,
685 608 762 668 lauri
790 607 929 669 fohorum
953 618 1127 670 tenerorum
1151 608 1215 689 XI,

201 699 356 760 bituminis
379 699 455 759 aridi
473 697 499 758 X
518 696 563 759 Vl.
599 697 634 758 In
657 697 718 758 sole
742 695 815 758 haec
839 699 937 758 omnia
962 705 1101 760 teruntur
1125 707 1156 758 et
1178 716 1237 758 exe

201 805 290 869 aqua3
313 787 420 849 deinde
444 787 552 866 pastiIIi
575 787 664 866 liunt,
693 804 821 864 quorum
848 804 927 846 unus
955 786 991 846 ad
1020 786 1099 847 diem
1128 786 1214 848 datur

150 889 182 938 15
201 876 492 938 commanducandus
510 876 645 937 dentium
664 893 762 936 causa.
805 872 920 954 PIperis
939 873 964 934 X
984 875 1019 955 II,
1043 878 1161 955 senapis
1184 878 1214 936 in

201 983 293 1043 grano
316 965 423 1044 XXII,
446 967 529 1025 anesi
551 963 577 1023 X
601 963 647 1041 VI,
673 980 747 1023 uvae
770 981 873 1042 passae
895 966 1015 1043 pinguis
1039 974 1214 1041 engranatac

201 1053 367 1135 XXXIIII,
390 1055 525 1134 pyrethri
549 1051 659 1133 XIIII,
684 1051 794 1112 herbae
817 1050 1005 1130 peduclariae
1029 1051 1141 1135 XIIII,
1164 1053 1213 1131 hy·

203 1145 269 1222 sopi
292 1144 329 1204 de
353 1143 473 1203 denario
498 1142 571 1203 duas
594 1151 708 1221 parteS,
732 1139 808 1201 lauri
831 1139 900 1202 lolia
923 1160 1049 1202 numero
1073 1141 1113 1224 X,
1138 1145 1247 1202 acrisio

200 1232 283 1292 llorIs
306 1231 384 1292 XII.
422 1230 501 1313 Ilaec
525 1250 593 1292 ctam
616 1229 702 1291 melle
727 1229 935 1307 decoquuntur
958 1240 1048 1309 atque
1071 1230 1142 1292 inde
1164 1249 1213 1310 pa-

149 1333 181 1381 16
201 1320 272 1380 stilIi
299 1321 369 1381 iacti
396 1320 435 1381 ob
458 1319 662 1380 salubritatem
685 1319 819 1379 dentium
842 1320 1099 1380 commendentur.
1146 1318 1213 1380 Em·

201 1409 310 1486 plastra
332 1417 431 1470 autem
455 1407 594 1469 dentibus
618 1406 788 1468 dolentibus
815 1409 886 1486 poni
909 1417 1028 1487 oportet
1050 1408 1213 1470 eiusmodI:

117 1571 119 1576 .
200 1497 373 1577 Aphronitri
401 1497 426 1558 X
450 1496 489 1577 ll,
516 1499 628 1576 pIperis
656 1494 751 1576 XVI,
778 1495 888 1556 herbae
916 1496 1105 1575 peduclariae
1134 1496 1160 1558 X
1182 1496 1214 1577 V,

199 1588 316 1648 resmae
335 1585 552 1648 terebinthinae
570 1585 754 1646 tantundem.
787 1583 866 1645 Haec
882 1584 1063 1664 colliguntur
1082 1596 1112 1647 et
1131 1585 1213 1646 Inlita
1227 1601 1249 1643 1⁵

198 1676 319 1737 linteolo
342 1676 389 1737 vel
411 1676 490 1737 aluta
513 1674 626 1735 dolenti
648 1673 783 1734 maxillae
806 1675 1005 1755 inponuntur3
1034 1675 1086 1735 sed
1116 1677 1143 1736 si
1166 1695 1214 1735 ex·

199 1774 319 1826 cavatus
347 1766 438 1826 fuerit
465 1765 552 1844 dens,
579 1764 702 1824 Inicitur
729 1764 761 1822 in
789 1781 944 1823 cavernam
973 1765 1038 1824 eius
1069 1773 1213 1840 qnantum

200 1856 239 1913 sit
262 1856 334 1915 satis
357 1853 564 1915 medicamenti
588 1852 623 1912 ad
647 1850 826 1931 explendum
848 1851 961 1931 locum,
990 1860 1055 1912 tum
1078 1871 1148 1914 cera
1171 1862 1214 1914 te-

147 1954 179 2003 11
199 1944 279 2020 gitur
302 1944 432 2003 exterior
455 1960 524 2020 pars
547 1941 708 2002 foraminis.
742 1940 817 2002 Item
836 1939 1030 2020 emplastrum
1048 1941 1105 2003 alio
1124 1942 1213 2003 modo
1287 1963 1288 1968 ¹

199 2030 415 2091 conficiendum
444 2031 601 2091 adversum
631 2029 764 2090 dentium
797 2031 882 2091 vitia:
928 2029 1067 2109 Pyrethri
1096 2030 1121 2092 X
1150 2031 1212 2110 IIII,
1225 2048 1249 2086 ao

199 2118 316 2180 cedriae
336 2117 437 2198 XIIII,
456 2136 594 2179 amurcae
612 2126 714 2179 coctae
734 2116 759 2177 X
774 2116 848 2198 XVI,
867 2118 1000 2197 sulpuris
1020 2122 1078 2180 rivi
1098 2119 1123 2180 X
1138 2120 1213 2201 XVI,

197 2209 274 2288 picis
291 2207 420 2285 liquidae
437 2207 463 2268 X
478 2206 541 2288 XII,
560 2207 716 2268 bituminis
735 2206 810 2267 aridi
824 2205 849 2266 X
865 2206 924 2268 VII.
952 2209 1080 2269 Aesuris
1099 2217 1213 2289 tempo·
1288 2245 1289 2288 3

197 2297 282 2356 ribus
305 2297 413 2357 confici
436 2306 553 2376 oportet
576 2296 633 2357 hoc
657 2296 915 2377 medicamentum,
941 2297 983 2357 ita
1007 2305 1040 2358 ut
1063 2296 1120 2358 sub
1144 2307 1213 2359 ortu
1288 2315 1289 2336 ³

199 2385 306 2446 sideris
319 2387 402 2447 canis
413 2386 487 2447 haec
501 2394 637 2447 terantur
651 2387 682 2445 In
698 2385 759 2446 sole
774 2384 963 2465 calidissimo,
978 2386 1072 2447 donec
1085 2386 1214 2447 habeant
1288 2421 1289 2430 κ

147 2485 179 2534 18
198 2476 294 2535 ceroti
315 2477 412 2536 teneri
436 2474 668 2556 spissitudinem.
705 2474 779 2535 Item
798 2474 876 2534 aliud
897 2474 1090 2553 emplastrum
1109 2476 1213 2536 adver·
1226 2489 1250 2530 aa

198 2583 265 2624 snm
279 2564 414 2627 dentium
427 2564 558 2626 dolores:
572 2563 698 2644 Piperis,
714 2563 857 2643 pyrethri,
872 2561 1005 2641 sulpuris
1019 2566 1085 2643 vivi,
1101 2583 1213 2646 soreos,

198 2653 383 2733 singulorum
403 2653 430 2714 X
445 2663 614 2733 quaternos,
637 2670 775 2714 amurcae
794 2650 880 2731 XVI,
899 2651 1015 2713 arborIs
1033 2655 1112 2714 mori
1128 2653 1214 2715 lacri-

199 2761 263 2803 mae
283 2741 309 2802 X
327 2741 360 2824 V,
383 2745 458 2822 picis
481 2743 610 2821 liquidac
629 2741 705 2821 XII,
729 2740 867 2802 aluminis
886 2741 948 2801 ussi
967 2740 1071 2821 XIIII,
1095 2743 1214 2804 cedriae

199 2830 273 2910 XX,
295 2830 451 2892 bituminis
469 2830 545 2890 aridi
563 2830 589 2890 X
609 2829 654 2908 VI,
673 2828 783 2890 herbae
802 2829 989 2907 peduclariae
1014 2829 1039 2889 X
1060 2829 1095 2891 Il.
1127 2831 1214 2892 Simi-

197 2918 267 2978 liter
294 2918 351 2978 snb
379 2926 447 2978 ortu
475 2921 557 2978 cauis
587 2920 767 2996 conponitnr
797 2918 854 2978 hoc
882 2917 1076 2997 emplastrum
1105 2928 1148 3000 et,
1180 2930 1215 2982 ut
1228 2935 1251 2975 so

197 3024 287 3083 snpra
307 3008 526 3086 scriptumest,
549 3005 707 3067 adhibetur
725 3006 869 3088 maxillae,
891 3008 922 3066 in
947 3024 1004 3085 qna
1027 3007 1103 3068 dens
1121 3008 1214 3090 dolet,

146 3107 179 3156 19
197 3092 319 3153 liateolo
342 3093 435 3153 denso
459 3093 504 3153 vel
528 3093 624 3154 alutae
647 3093 773 3155 iulitom.
809 3095 883 3155 Item
907 3094 987 3155 aliud
1006 3096 1214 3174 emplastrum:

197 3181 322 3260 Piperis,
341 3183 411 3262 opii,
430 3181 523 3242 olivae
537 3181 736 3261 Aethiopicae,
750 3182 888 3243 lacrimae
906 3185 992 3263 mori,
1011 3202 1138 3266 myrrae,
1154 3188 1213 3246 sin-

197 3270 336 3348 gulorum
359 3269 385 3330 X
409 3270 508 3352 bIncs,
536 3270 664 3332 hederae
692 3273 794 3350 nigrae
822 3269 963 3332 bacarum
986 3271 1097 3355 XIIII,
1125 3274 1212 3335 betae

270 3482 303 3530 15
321 3475 425 3531 risinee
443 3477 644 3531 terebentinee.
719 3482 751 3530 16
771 3475 900 3532 dolentis.
969 3483 1004 3532 24
1023 3476 1213 3538 caledissirno.

197 3553 232 3601 26
251 3563 345 3602 soreos
363 3546 409 3601 vel
427 3547 491 3602 sori
564 3553 597 3601 21
617 3563 753 3602 amorcae.
827 3548 979 3604 lacrimam.
