2609 4017
564 160 785 225 ..72-

169 325 353 405 ponderibus
376 321 517 385 miscebis
540 330 681 402 teresque
699 322 857 402 diligenter
880 330 911 383 et
934 322 1028 384 donec
1052 340 1188 402 spumam

170 434 228 475 non
258 414 366 475 faciant
391 432 486 492 neque
511 420 662 494 crescant,
690 411 724 472 ad
749 414 848 491 ignem
871 410 985 472 lentum
1008 411 1134 491 agitabis
1157 414 1187 471 in

171 522 239 564 vaso
259 520 346 563 aereo
365 502 466 582 ibique
486 509 545 563 tam
561 500 611 563 diu
632 519 698 561 esse
715 502 845 581 patieris,
860 501 955 561 donec
970 500 1187 580 refrigerentur

170 601 258 672 atque
287 594 451 671 siccentur3
480 609 554 669 quae
584 597 687 669 postea
715 589 751 650 ad
774 592 950 651 mortarium
974 590 1184 651 nitidissimum

171 680 333 741 transferes
362 687 451 759 atque
478 678 538 741 illic
561 681 673 740 iterum
695 697 731 738 ex
755 680 823 738 vino
845 686 946 739 vetere
970 680 1080 757 optimo
1106 686 1209 739 tereos
1293 727 1294 754 ,

170 777 228 831 tam
250 769 309 850 diu,
328 786 485 848 quousque
505 770 668 848 siccentur3
692 767 728 827 de
748 767 857 846 quibus
875 768 1028 848 pulverem
1047 769 1184 828 tenuissi·
1293 761 1294 790 ³

169 876 252 919 mum
288 858 397 919 facturn
428 860 506 919 intra
535 858 671 937 pyxidem
700 874 817 917 aeream
846 856 955 917 condes
983 876 1079 936 eoque
1107 855 1185 916 velut

117 960 151 1010 75
171 946 269 1028 stibio,
293 966 360 1008 cum
386 945 524 1029 volueris,
547 948 650 1006 uteris.
688 944 924 1025 Xerocollyrium
947 948 1094 1025 optimum
1117 962 1184 1005 con·
1293 943 1294 986 i

170 1036 270 1097 ficitur
293 1037 350 1097 sic:
373 1035 494 1114 Lapidis
513 1034 637 1114 Phrygii
658 1066 696 1078 —
717 1033 753 1115 ll,
776 1036 919 1096 croci-
938 1034 960 1114 1,
983 1033 1053 1095 salis
1076 1051 1183 1094 ammo-
1293 1025 1294 1070 Ψ

169 1126 248 1187 uiaci
267 1117 306 1211 ,β
326 1123 361 1204 11,
384 1123 447 1185 folii
466 1116 505 1210 β
524 1122 560 1203 11,
580 1124 657 1183 aeris
678 1125 738 1183 usti
757 1115 796 1209 β
816 1122 878 1203 1111,
896 1125 1009 1203 piperis
1027 1123 1086 1184 albi
1106 1114 1145 1208 β
1163 1120 1224 1203 I,1o

170 1216 268 1274 omnia
292 1231 426 1273 seorsum
451 1212 617 1273 diutissime
641 1219 671 1272 et
694 1211 920 1291 diligentissime
943 1219 1036 1293 teres,
1065 1219 1098 1273 ut
1120 1209 1184 1289 pul·
1293 1223 1294 1264 ἱ

170 1320 270 1363 verem
300 1303 509 1362 tenuissimum
536 1301 639 1381 facias,
668 1320 758 1380 quem
782 1303 963 1381 permixtum
987 1300 1131 1362 recondes
1154 1302 1185 1360 in

171 1390 278 1451 doliolo
302 1392 412 1472 vitreo,
430 1397 459 1450 et
482 1408 549 1450 cum
569 1389 698 1451 volueris
718 1389 840 1469 pulvere
863 1392 929 1469 ipso
947 1398 1038 1469 prout
1057 1388 1186 1449 volueris
1293 1425 1294 1430 κ

89 1492 150 1543 uo
170 1481 273 1540 uteris.
319 1477 555 1559 Xerocollyrium
588 1481 733 1558 optimum
766 1488 797 1540 et
824 1478 859 1551 ad
887 1481 972 1539 initia
998 1478 1186 1557 lippitudinis
1293 1493 1294 1500 ¹

169 1567 328 1647 probatum
351 1575 468 1629 constat
492 1586 527 1628 ex
551 1567 611 1628 his:
640 1566 728 1628 Croci
752 1560 791 1654 β
815 1566 855 1649 ll,
882 1567 1061 1629 sarcocollae
1086 1559 1126 1653 2·
1149 1565 1186 1648 ll,
1200 1582 1226 1623 rs
1293 1621 1294 1626 ,

170 1657 251 1718 aloes
274 1656 432 1737 epatitidos
453 1649 492 1743 β
512 1656 533 1736 l,
557 1656 654 1735 glauci
674 1648 714 1742 2·
734 1656 755 1718 l.
792 1656 884 1717 Teres
908 1656 981 1717 haec
1004 1658 1101 1718 omnia
1122 1655 1186 1716 dili·

170 1755 275 1827 genter
295 1754 325 1807 et
342 1746 495 1826 pulverem
514 1748 723 1807 tenuissimum
742 1747 774 1805 in
793 1745 899 1826 pyxide
919 1759 1026 1826 cyprea
1040 1744 1188 1806 recondes
1293 1807 1294 1812 ,

170 1843 199 1897 et
219 1854 286 1896 cum
306 1853 382 1913 opus
402 1836 500 1915 fuerit,
521 1842 551 1895 et
569 1836 648 1895 iutra
666 1833 768 1895 oculos
785 1834 866 1895 etad
881 1833 1108 1914 superlinendos
1124 1841 1187 1894 ute·

119 1937 151 1987 tt
171 1926 222 1984 ris.
246 1923 350 2002 Capilli
370 1921 530 1984 muliebres
550 1941 642 2002 super
660 1930 767 1984 testam
787 1923 926 1984 conbusti
945 1930 975 1983 et
995 1941 1062 1985 cum
1082 1940 1187 2002 spuma

170 2014 286 2091 argenti
310 2014 432 2072 contriti
455 2019 543 2091 atque
568 2012 603 2071 ad
628 2030 774 2072 summam
798 2011 944 2073 levitatem
971 2012 1084 2073 redacti
1102 2030 1188 2071 xero·
1201 2028 1228 2067 ao
1293 2005 1294 2022 ¹

170 2099 348 2181 plathalmias
369 2108 399 2161 et
413 2103 582 2180 prurigines
597 2100 752 2161 oculorum
767 2101 929 2162 efficaciter
944 2109 1059 2182 sanant,
1078 2103 1104 2161 si
1117 2100 1189 2162 inde

118 2201 151 2252 78
170 2192 361 2268 inungantur.
399 2188 441 2249 Ad
462 2188 616 2269 caliginem
634 2188 807 2249 abolendam
822 2189 859 2250 de
874 2192 1077 2269 experimento
1091 2192 1188 2250 uteris

170 2278 227 2339 hoc
246 2276 392 2338 remedio:
413 2277 509 2339 Salem
529 2280 745 2339 ammoniacum
763 2288 902 2340 exustum
917 2286 980 2339 tere
995 2286 1025 2339 et
1038 2281 1187 2357 permisce
1293 2315 1294 2324 κ

171 2385 239 2428 cum
263 2365 334 2427 lotio
358 2369 445 2445 pueri
467 2370 590 2429 investis
614 2375 702 2446 atque
723 2367 793 2427 inde
813 2366 935 2428 adsidue
954 2368 1057 2429 oculos
1076 2370 1187 2447 inunge
1293 2399 1294 2402 ¹

118 2468 152 2518 'tu
172 2454 217 2516 vel
237 2454 396 2535 superline.
433 2454 603 2517 Naturalem
623 2474 729 2517 sucum
743 2458 924 2536 argimoniae
940 2464 969 2517 et
983 2475 1088 2518 sucum
1105 2456 1186 2517 mile·
1202 2474 1230 2515 aa

155 2543 232 2605 folii
257 2553 287 2605 et
310 2563 415 2605 sucum
435 2545 632 2627 arnoglossos,
656 2544 686 2605 id
706 2553 752 2605 est
770 2543 957 2625 plantaginis,
981 2545 1102 2624 colliges
1121 2545 1186 2606 dili-
1293 2595 1294 2598 ,

170 2642 274 2715 genter
307 2652 340 2695 ac
374 2634 466 2695 nitide
495 2633 611 2714 aequali
638 2652 778 2695 mensura
807 2643 837 2694 et
865 2634 901 2693 dc
933 2652 1005 2695 suco
1034 2634 1187 2716 marrubii,

170 2731 268 2804 rutae,
299 2722 435 2803 serpulli,
463 2722 591 2785 euforbii
615 2724 764 2802 exprimes
791 2741 846 2803 per
873 2721 998 2784 linteum
1027 2723 1187 2784 delicatum

170 2822 201 2873 et
219 2810 396 2873 admiscebis
417 2803 456 2898 40«
475 2811 562 2872 binos
581 2812 687 2891 hisque
706 2811 817 2872 adicies
840 2810 937 2873 mellis
956 2814 1061 2892 optimi
1079 2812 1185 2892 despu-

169 2903 242 2961 mati
264 2900 370 2960 libram
392 2918 480 2961 unam
501 2908 589 2978 atque
609 2902 707 2961 omnia
726 2900 814 2962 simul
833 2900 885 2963 diu
904 2909 1055 2983 conteres3
1079 2900 1185 2962 deinde
1201 2919 1231 2961 so

169 2991 278 3049 iterum
307 2985 418 3047 celabis
446 2990 530 3049 tenui
557 2987 648 3048 linteo
673 2996 703 3048 et
725 2989 871 3050 recondes
892 2992 924 3051 in
949 2989 1068 3051 vasculo
1091 2992 1186 3051 vitreo

170 3085 258 3155 atque
284 3077 390 3156 uteris,
414 3094 482 3136 cum
506 3094 581 3155 opus
605 3078 709 3157 fuerit,
732 3078 768 3137 ad
792 3077 1006 3139 suffundendos
1030 3086 1060 3139 et
1083 3097 1186 3157 super-

88 3178 96 3183 ’
170 3163 306 3225 linendos
334 3162 436 3223 oculos
465 3165 589 3245 caligine
618 3164 799 3246 laborantes,
832 3166 941 3245 quibus
969 3167 1025 3228 boc
1054 3167 1185 3227 remedio

116 3266 150 3315 80
170 3256 229 3314 cito
259 3254 353 3313 aciem
381 3254 581 3315 acutissimam
612 3254 727 3315 reddes.
773 3253 883 3315 Maleae
911 3273 1002 3317 sucus
1026 3274 1186 3335 expressus

241 3393 256 3442 2
276 3387 362 3443 lento.
431 3394 448 3442 4
466 3388 608 3444 mortario.
674 3395 689 3444 'l
709 3389 821 3459 pyxide.
886 3395 902 3445 9
921 3388 1007 3461 frigii.
1073 3395 1106 3443 14
1125 3391 1184 3445 ute-

168 3459 206 3513 ris
225 3476 290 3541 om..
369 3462 401 3512 15
420 3460 541 3542 constat]
558 3461 667 3541 contro.
760 3466 793 3515 16
812 3461 965 3531 epititidos.
1051 3466 1086 3515 20
1104 3476 1184 3516 xero·

168 3529 330 3601 pthalmxus.
406 3536 438 3585 21
458 3546 623 3601 prongmes.

37 3709 120 3774 ql
