<?xml version="1.0" encoding="UTF-8"?>
<!DOCTYPE html PUBLIC "-//W3C//DTD XHTML 1.0 Transitional//EN"
    "http://www.w3.org/TR/xhtml1/DTD/xhtml1-transitional.dtd">
<html xmlns="http://www.w3.org/1999/xhtml" xml:lang="en" lang="en">
 <head>
  <title>
</title>
<meta http-equiv="Content-Type" content="text/html;charset=utf-8" />
  <meta name='ocr-system' content='tesseract 3.04.00' />
  <meta name='ocr-capabilities' content='ocr_page ocr_carea ocr_par ocr_line ocrx_word'/>
</head>
<body>
  <div class='ocr_page' id='page_1' title='image "./marcellidemedic03helmgoog_0393.png"; bbox 0 0 2609 4017; ppageno 0'>
   <div class='ocr_carea' id='block_1_1' title="bbox 493 179 803 252">
    <p class='ocr_par' dir='ltr' id='par_1_1' title="bbox 493 179 803 252">
     <span class='ocr_line' id='line_1_1' title="bbox 493 179 803 252; baseline -0.029 -9"><span class='ocrx_word' id='word_1_1' title='bbox 493 179 803 252; x_wconf 79' lang='grc'><strong>-381-,</strong></span> 
     </span>
    </p>
   </div>
   <div class='ocr_carea' id='block_1_2' title="bbox 64 339 1175 3344">
    <p class='ocr_par' dir='ltr' id='par_1_2' title="bbox 64 339 1175 3344">
     <span class='ocr_line' id='line_1_2' title="bbox 110 339 1123 420; baseline -0.002 -20"><span class='ocrx_word' id='word_1_2' title='bbox 110 340 234 401; x_wconf 79' lang='lat' dir='ltr'><strong>brorum</strong></span> <span class='ocrx_word' id='word_1_3' title='bbox 257 339 375 400; x_wconf 92' lang='lat' dir='ltr'>dolores</span> <span class='ocrx_word' id='word_1_4' title='bbox 398 343 662 420; x_wconf 86' lang='lat' dir='ltr'>contusionesque‚</span> <span class='ocrx_word' id='word_1_5' title='bbox 690 341 726 401; x_wconf 91' lang='lat' dir='ltr'>ad</span> <span class='ocrx_word' id='word_1_6' title='bbox 755 343 853 401; x_wconf 92' lang='lat' dir='ltr'>omnia</span> <span class='ocrx_word' id='word_1_7' title='bbox 878 342 1012 419; x_wconf 88' lang='lat' dir='ltr'>omnino,</span> <span class='ocrx_word' id='word_1_8' title='bbox 1040 357 1123 417; x_wconf 91' lang='lat' dir='ltr'>prae·</span> 
     </span>
     <span class='ocr_line' id='line_1_3' title="bbox 110 427 1123 508; baseline -0.002 -19"><span class='ocrx_word' id='word_1_9' title='bbox 110 431 198 508; x_wconf 83' lang='lat' dir='ltr'>cipue</span> <span class='ocrx_word' id='word_1_10' title='bbox 222 429 257 489; x_wconf 92' lang='lat' dir='ltr'>ad</span> <span class='ocrx_word' id='word_1_11' title='bbox 281 429 440 508; x_wconf 83' lang='lat' dir='ltr'>podagram</span> <span class='ocrx_word' id='word_1_12' title='bbox 469 430 557 491; x_wconf 89' lang='lat' dir='ltr'>etad</span> <span class='ocrx_word' id='word_1_13' title='bbox 581 448 741 490; x_wconf 87' lang='lat' dir='ltr'>nervorum</span> <span class='ocrx_word' id='word_1_14' title='bbox 765 431 943 490; x_wconf 84' lang='lat' dir='ltr'>offensiones</span> <span class='ocrx_word' id='word_1_15' title='bbox 966 427 1123 508; x_wconf 89' lang='lat' dir='ltr'>placandas</span> 
     </span>
     <span class='ocr_line' id='line_1_4' title="bbox 110 517 456 579; baseline 0 -1"><span class='ocrx_word' id='word_1_16' title='bbox 110 537 160 579; x_wconf 89' lang='lat' dir='ltr'>res</span> <span class='ocrx_word' id='word_1_17' title='bbox 183 517 378 579; x_wconf 87' lang='lat' dir='ltr'>saluberrima</span> <span class='ocrx_word' id='word_1_18' title='bbox 402 526 456 578; x_wconf 90' lang='lat' dir='ltr'>est.</span> 
     </span>
     <span class='ocr_line' id='line_1_5' title="bbox 199 605 1175 687; baseline 0 -21"><span class='ocrx_word' id='word_1_19' title='bbox 199 606 365 685; x_wconf 82' lang='lat' dir='ltr'>Descriptio</span> <span class='ocrx_word' id='word_1_20' title='bbox 386 609 479 687; x_wconf 82' lang='lat' dir='ltr'>accpi,</span> <span class='ocrx_word' id='word_1_21' title='bbox 503 608 582 686; x_wconf 90' lang='lat' dir='ltr'>quod</span> <span class='ocrx_word' id='word_1_22' title='bbox 601 607 649 668; x_wconf 90' lang='lat' dir='ltr'>dia</span> <span class='ocrx_word' id='word_1_23' title='bbox 668 610 748 668; x_wconf 92' lang='lat' dir='ltr'>cissu</span> <span class='ocrx_word' id='word_1_24' title='bbox 767 607 886 687; x_wconf 85' lang='lat' dir='ltr'>dicitur,</span> <span class='ocrx_word' id='word_1_25' title='bbox 909 607 1018 684; x_wconf 88' lang='lat' dir='ltr'>accipit</span> <span class='ocrx_word' id='word_1_26' title='bbox 1036 605 1122 666; x_wconf 92' lang='lat' dir='ltr'>haec:</span> <span class='ocrx_word' id='word_1_27' title='bbox 1143 616 1175 666; x_wconf 75' lang='lat'>⁷3</span> 
     </span>
     <span class='ocr_line' id='line_1_6' title="bbox 82 691 1123 777; baseline -0.004 -19"><span class='ocrx_word' id='word_1_28' title='bbox 82 695 203 758; x_wconf 82' lang='lat' dir='ltr'>sBacas</span> <span class='ocrx_word' id='word_1_29' title='bbox 221 695 298 755; x_wconf 90' lang='lat' dir='ltr'>lauri</span> <span class='ocrx_word' id='word_1_30' title='bbox 316 695 426 755; x_wconf 79' lang='lat' dir='ltr'>virides</span> <span class='ocrx_word' id='word_1_31' title='bbox 445 695 475 775; x_wconf 85' lang='lat' dir='ltr'>C,</span> <span class='ocrx_word' id='word_1_32' title='bbox 496 698 632 775; x_wconf 80' lang='lat' dir='ltr'>cupressi</span> <span class='ocrx_word' id='word_1_33' title='bbox 650 695 759 777; x_wconf 83' lang='lat' dir='ltr'>CVllll,</span> <span class='ocrx_word' id='word_1_34' title='bbox 777 691 887 756; x_wconf 79' lang='lat' dir='ltr'>herbae</span> <span class='ocrx_word' id='word_1_35' title='bbox 907 695 1032 756; x_wconf 88' lang='lat' dir='ltr'>Sabinae</span> <span class='ocrx_word' id='word_1_36' title='bbox 1051 693 1082 755; x_wconf 89' lang='lat' dir='ltr'>P.</span> <span class='ocrx_word' id='word_1_37' title='bbox 1102 692 1123 773; x_wconf 92' lang='grc' dir='ltr'>Ι,</span> 
     </span>
     <span class='ocr_line' id='line_1_7' title="bbox 109 782 1123 864; baseline -0.002 -20"><span class='ocrx_word' id='word_1_38' title='bbox 109 787 188 844; x_wconf 90' lang='lat' dir='ltr'>roris</span> <span class='ocrx_word' id='word_1_39' title='bbox 211 785 319 844; x_wconf 90' lang='lat' dir='ltr'>marini</span> <span class='ocrx_word' id='word_1_40' title='bbox 341 784 373 845; x_wconf 90' lang='grc' dir='ltr'>Ρ.</span> <span class='ocrx_word' id='word_1_41' title='bbox 392 783 418 864; x_wconf 90' lang='grc' dir='ltr'>Ι,</span> <span class='ocrx_word' id='word_1_42' title='bbox 442 784 519 845; x_wconf 90' lang='lat' dir='ltr'>faeni</span> <span class='ocrx_word' id='word_1_43' title='bbox 542 787 641 864; x_wconf 89' lang='lat' dir='ltr'>graeci</span> <span class='ocrx_word' id='word_1_44' title='bbox 664 782 695 844; x_wconf 70' lang='lat' dir='ltr'>fr</span> <span class='ocrx_word' id='word_1_45' title='bbox 715 784 736 844; x_wconf 91' lang='grc' dir='ltr'>Ι.</span> <span class='ocrx_word' id='word_1_46' title='bbox 777 784 857 845; x_wconf 91' lang='lat' dir='ltr'>Haec</span> <span class='ocrx_word' id='word_1_47' title='bbox 880 787 977 845; x_wconf 91' lang='lat' dir='ltr'>omnia</span> <span class='ocrx_word' id='word_1_48' title='bbox 1001 783 1123 862; x_wconf 87' lang='lat' dir='ltr'>diligen·</span> 
     </span>
     <span class='ocr_line' id='line_1_8' title="bbox 109 867 1123 953; baseline -0.003 -19"><span class='ocrx_word' id='word_1_49' title='bbox 109 875 224 934; x_wconf 85' lang='lat' dir='ltr'>tissime</span> <span class='ocrx_word' id='word_1_50' title='bbox 249 881 335 933; x_wconf 89' lang='lat' dir='ltr'>tunsa</span> <span class='ocrx_word' id='word_1_51' title='bbox 359 880 448 951; x_wconf 89' lang='lat' dir='ltr'>atque</span> <span class='ocrx_word' id='word_1_52' title='bbox 472 876 540 934; x_wconf 86' lang='lat' dir='ltr'>trita</span> <span class='ocrx_word' id='word_1_53' title='bbox 559 867 700 935; x_wconf 75' lang='lat' dir='ltr'>infundes</span> <span class='ocrx_word' id='word_1_54' title='bbox 718 875 750 934; x_wconf 93' lang='lat' dir='ltr'>in</span> <span class='ocrx_word' id='word_1_55' title='bbox 769 892 862 953; x_wconf 90' lang='lat' dir='ltr'>aquae</span> <span class='ocrx_word' id='word_1_56' title='bbox 880 871 1017 952; x_wconf 86' lang='lat' dir='ltr'>pluvialis</span> <span class='ocrx_word' id='word_1_57' title='bbox 1035 870 1067 932; x_wconf 63' lang='lat' dir='ltr'>D</span> <span class='ocrx_word' id='word_1_58' title='bbox 1083 870 1123 932; x_wconf 95' lang='grc' dir='ltr'>ΙΙΙ</span> 
     </span>
     <span class='ocr_line' id='line_1_9' title="bbox 109 959 1121 1040; baseline -0.002 -18"><span class='ocrx_word' id='word_1_59' title='bbox 109 968 140 1022; x_wconf 91' lang='lat' dir='ltr'>et</span> <span class='ocrx_word' id='word_1_60' title='bbox 163 961 221 1021; x_wconf 94' lang='lat' dir='ltr'>olei</span> <span class='ocrx_word' id='word_1_61' title='bbox 235 960 267 1021; x_wconf 90' lang='lat' dir='ltr'>P.</span> <span class='ocrx_word' id='word_1_62' title='bbox 281 959 360 1021; x_wconf 93' lang='lat' dir='ltr'>Vllll</span> <span class='ocrx_word' id='word_1_63' title='bbox 379 971 467 1040; x_wconf 88' lang='lat' dir='ltr'>atque</span> <span class='ocrx_word' id='word_1_64' title='bbox 486 961 546 1022; x_wconf 92' lang='lat' dir='ltr'>illic</span> <span class='ocrx_word' id='word_1_65' title='bbox 565 963 665 1023; x_wconf 90' lang='lat' dir='ltr'>triduo</span> <span class='ocrx_word' id='word_1_66' title='bbox 684 962 917 1023; x_wconf 89' lang='lat' dir='ltr'>conmaceranda</span> <span class='ocrx_word' id='word_1_67' title='bbox 941 979 1007 1022; x_wconf 90' lang='lat' dir='ltr'>esse</span> <span class='ocrx_word' id='word_1_68' title='bbox 1029 963 1121 1040; x_wconf 91' lang='lat' dir='ltr'>patie-</span> 
     </span>
     <span class='ocr_line' id='line_1_10' title="bbox 108 1049 1121 1132; baseline -0.001 -22"><span class='ocrx_word' id='word_1_69' title='bbox 108 1052 166 1130; x_wconf 81' lang='lat' dir='ltr'>ris3</span> <span class='ocrx_word' id='word_1_70' title='bbox 186 1057 250 1110; x_wconf 90' lang='lat' dir='ltr'>tum</span> <span class='ocrx_word' id='word_1_71' title='bbox 269 1049 358 1132; x_wconf 87' lang='lat' dir='ltr'>lento,</span> <span class='ocrx_word' id='word_1_72' title='bbox 376 1068 414 1110; x_wconf 92' lang='lat' dir='ltr'>ne</span> <span class='ocrx_word' id='word_1_73' title='bbox 433 1050 604 1130; x_wconf 79' lang='lat' dir='ltr'>adurantur,</span> <span class='ocrx_word' id='word_1_74' title='bbox 624 1053 685 1130; x_wconf 86' lang='lat' dir='ltr'>igni</span> <span class='ocrx_word' id='word_1_75' title='bbox 704 1059 763 1111; x_wconf 89' lang='lat' dir='ltr'>tam</span> <span class='ocrx_word' id='word_1_76' title='bbox 782 1051 832 1111; x_wconf 92' lang='lat' dir='ltr'>diu</span> <span class='ocrx_word' id='word_1_77' title='bbox 852 1058 1027 1129; x_wconf 74' lang='lat' dir='ltr'>coorientur,</span> <span class='ocrx_word' id='word_1_78' title='bbox 1049 1067 1121 1128; x_wconf 90' lang='lat' dir='ltr'>quo·</span> 
     </span>
     <span class='ocr_line' id='line_1_11' title="bbox 68 1139 1123 1220; baseline -0.003 -20"><span class='ocrx_word' id='word_1_79' title='bbox 68 1157 207 1217; x_wconf 86' lang='lat' dir='ltr'>musque</span> <span class='ocrx_word' id='word_1_80' title='bbox 230 1156 369 1198; x_wconf 90' lang='lat' dir='ltr'>mensura</span> <span class='ocrx_word' id='word_1_81' title='bbox 389 1157 490 1220; x_wconf 83' lang='lat' dir='ltr'>aquae,</span> <span class='ocrx_word' id='word_1_82' title='bbox 514 1157 589 1218; x_wconf 86' lang='lat' dir='ltr'>quae</span> <span class='ocrx_word' id='word_1_83' title='bbox 608 1141 698 1200; x_wconf 90' lang='lat' dir='ltr'>missa</span> <span class='ocrx_word' id='word_1_84' title='bbox 717 1139 816 1219; x_wconf 86' lang='lat' dir='ltr'>fuerit,</span> <span class='ocrx_word' id='word_1_85' title='bbox 839 1146 1035 1218; x_wconf 78' lang='lat' dir='ltr'>excoquatnr3</span> <span class='ocrx_word' id='word_1_86' title='bbox 1058 1145 1123 1198; x_wconf 92' lang='lat' dir='ltr'>tum</span> 
     </span>
     <span class='ocr_line' id='line_1_12' title="bbox 107 1225 1122 1307; baseline -0.002 -19"><span class='ocrx_word' id='word_1_87' title='bbox 107 1229 208 1288; x_wconf 91' lang='lat' dir='ltr'>omnia</span> <span class='ocrx_word' id='word_1_88' title='bbox 233 1225 411 1288; x_wconf 88' lang='lat' dir='ltr'>colahuntur</span> <span class='ocrx_word' id='word_1_89' title='bbox 434 1236 522 1307; x_wconf 86' lang='lat' dir='ltr'>atque</span> <span class='ocrx_word' id='word_1_90' title='bbox 545 1228 593 1289; x_wconf 92' lang='lat' dir='ltr'>his</span> <span class='ocrx_word' id='word_1_91' title='bbox 617 1228 783 1288; x_wconf 84' lang='lat' dir='ltr'>adicientur</span> <span class='ocrx_word' id='word_1_92' title='bbox 806 1227 933 1288; x_wconf 88' lang='lat' dir='ltr'>hederae</span> <span class='ocrx_word' id='word_1_93' title='bbox 956 1228 1122 1288; x_wconf 92' lang='lat' dir='ltr'>communis</span> 
     </span>
     <span class='ocr_line' id='line_1_13' title="bbox 107 1314 1123 1396; baseline -0.002 -20"><span class='ocrx_word' id='word_1_94' title='bbox 107 1318 207 1377; x_wconf 90' lang='lat' dir='ltr'>siccae</span> <span class='ocrx_word' id='word_1_95' title='bbox 238 1348 276 1358; x_wconf 93' lang='lat'>—</span> <span class='ocrx_word' id='word_1_96' title='bbox 302 1314 356 1375; x_wconf 97' lang='lat' dir='ltr'>llll</span> <span class='ocrx_word' id='word_1_97' title='bbox 383 1316 541 1394; x_wconf 90' lang='lat' dir='ltr'>diligenter</span> <span class='ocrx_word' id='word_1_98' title='bbox 568 1327 674 1377; x_wconf 87' lang='lat' dir='ltr'>tunsae</span> <span class='ocrx_word' id='word_1_99' title='bbox 704 1316 910 1396; x_wconf 88' lang='lat' dir='ltr'>cribrataeque</span> <span class='ocrx_word' id='word_1_100' title='bbox 942 1333 1059 1376; x_wconf 89' lang='lat' dir='ltr'>necnon</span> <span class='ocrx_word' id='word_1_101' title='bbox 1092 1323 1123 1375; x_wconf 88' lang='lat' dir='ltr'>ct</span> 
     </span>
     <span class='ocr_line' id='line_1_14' title="bbox 106 1403 1122 1486; baseline -0.001 -22"><span class='ocrx_word' id='word_1_102' title='bbox 106 1406 226 1464; x_wconf 90' lang='lat' dir='ltr'>resinae</span> <span class='ocrx_word' id='word_1_103' title='bbox 252 1403 398 1465; x_wconf 90' lang='lat' dir='ltr'>astulosae</span> <span class='ocrx_word' id='word_1_104' title='bbox 421 1404 453 1465; x_wconf 87' lang='lat' dir='ltr'>P.</span> <span class='ocrx_word' id='word_1_105' title='bbox 472 1404 534 1486; x_wconf 94' lang='grc' dir='ltr'><strong>ΙΙΙΙ,</strong></span> <span class='ocrx_word' id='word_1_106' title='bbox 558 1424 643 1466; x_wconf 91' lang='lat' dir='ltr'>cerae</span> <span class='ocrx_word' id='word_1_107' title='bbox 663 1405 762 1484; x_wconf 94' lang='lat' dir='ltr'>pondo</span> <span class='ocrx_word' id='word_1_108' title='bbox 781 1404 815 1466; x_wconf 93' lang='lat' dir='ltr'>ll.</span> <span class='ocrx_word' id='word_1_109' title='bbox 848 1405 1006 1466; x_wconf 84' lang='lat' dir='ltr'>Permixtis</span> <span class='ocrx_word' id='word_1_110' title='bbox 1029 1405 1122 1464; x_wconf 89' lang='lat' dir='ltr'>omni·</span> 
     </span>
     <span class='ocr_line' id='line_1_15' title="bbox 107 1493 1121 1573; baseline -0.001 -20"><span class='ocrx_word' id='word_1_111' title='bbox 107 1493 167 1554; x_wconf 92' lang='lat' dir='ltr'>hus</span> <span class='ocrx_word' id='word_1_112' title='bbox 187 1502 274 1571; x_wconf 89' lang='lat' dir='ltr'>atque</span> <span class='ocrx_word' id='word_1_113' title='bbox 295 1495 362 1572; x_wconf 93' lang='lat' dir='ltr'>igne</span> <span class='ocrx_word' id='word_1_114' title='bbox 381 1493 549 1573; x_wconf 85' lang='lat' dir='ltr'>liquefactis</span> <span class='ocrx_word' id='word_1_115' title='bbox 568 1495 816 1555; x_wconf 87' lang='lat' dir='ltr'>medicamentum</span> <span class='ocrx_word' id='word_1_116' title='bbox 832 1502 966 1573; x_wconf 90' lang='lat' dir='ltr'>paratum</span> <span class='ocrx_word' id='word_1_117' title='bbox 981 1495 1012 1552; x_wconf 91' lang='lat' dir='ltr'>in</span> <span class='ocrx_word' id='word_1_118' title='bbox 1026 1494 1121 1553; x_wconf 91' lang='lat' dir='ltr'>vitreo</span> 
     </span>
     <span class='ocr_line' id='line_1_16' title="bbox 66 1581 1122 1663; baseline -0.002 -21"><span class='ocrx_word' id='word_1_119' title='bbox 66 1602 93 1643; x_wconf 80' lang='lat'>15</span> <span class='ocrx_word' id='word_1_120' title='bbox 108 1581 218 1642; x_wconf 92' lang='lat' dir='ltr'>doliolo</span> <span class='ocrx_word' id='word_1_121' title='bbox 242 1590 413 1662; x_wconf 85' lang='lat' dir='ltr'>reponetur,</span> <span class='ocrx_word' id='word_1_122' title='bbox 437 1600 473 1641; x_wconf 84' lang='lat' dir='ltr'>ex</span> <span class='ocrx_word' id='word_1_123' title='bbox 497 1601 564 1663; x_wconf 85' lang='lat' dir='ltr'>quo,</span> <span class='ocrx_word' id='word_1_124' title='bbox 588 1585 613 1642; x_wconf 92' lang='lat' dir='ltr'>si</span> <span class='ocrx_word' id='word_1_125' title='bbox 638 1601 713 1663; x_wconf 89' lang='lat' dir='ltr'>quae</span> <span class='ocrx_word' id='word_1_126' title='bbox 735 1582 885 1643; x_wconf 88' lang='lat' dir='ltr'>doluerint</span> <span class='ocrx_word' id='word_1_127' title='bbox 904 1583 1038 1660; x_wconf 91' lang='lat' dir='ltr'>corporis</span> <span class='ocrx_word' id='word_1_128' title='bbox 1057 1599 1122 1660; x_wconf 88' lang='lat' dir='ltr'>par·</span> 
     </span>
     <span class='ocr_line' id='line_1_17' title="bbox 108 1672 1121 1750; baseline -0.002 -18"><span class='ocrx_word' id='word_1_129' title='bbox 108 1679 171 1750; x_wconf 87' lang='lat' dir='ltr'>tes,</span> <span class='ocrx_word' id='word_1_130' title='bbox 203 1679 365 1748; x_wconf 87' lang='lat' dir='ltr'>perunctae</span> <span class='ocrx_word' id='word_1_131' title='bbox 398 1679 427 1731; x_wconf 91' lang='lat' dir='ltr'>et</span> <span class='ocrx_word' id='word_1_132' title='bbox 460 1673 639 1732; x_wconf 78' lang='lat' dir='ltr'>confricatas</span> <span class='ocrx_word' id='word_1_133' title='bbox 672 1673 792 1732; x_wconf 90' lang='lat' dir='ltr'>sanitati</span> <span class='ocrx_word' id='word_1_134' title='bbox 823 1673 883 1731; x_wconf 90' lang='lat' dir='ltr'>cito</span> <span class='ocrx_word' id='word_1_135' title='bbox 916 1672 1121 1730; x_wconf 86' lang='lat' dir='ltr'>restituentur.</span> 
     </span>
     <span class='ocr_line' id='line_1_18' title="bbox 107 1756 1121 1839; baseline -0.001 -21"><span class='ocrx_word' id='word_1_136' title='bbox 107 1757 285 1820; x_wconf 88' lang='lat' dir='ltr'>Mulierihus</span> <span class='ocrx_word' id='word_1_137' title='bbox 308 1761 397 1820; x_wconf 91' lang='lat' dir='ltr'>etiam</span> <span class='ocrx_word' id='word_1_138' title='bbox 420 1777 488 1820; x_wconf 87' lang='lat' dir='ltr'>cunt</span> <span class='ocrx_word' id='word_1_139' title='bbox 512 1762 693 1821; x_wconf 86' lang='lat' dir='ltr'>cessaverint</span> <span class='ocrx_word' id='word_1_140' title='bbox 713 1771 854 1839; x_wconf 85' lang='lat' dir='ltr'>tempora,</span> <span class='ocrx_word' id='word_1_141' title='bbox 878 1761 905 1819; x_wconf 92' lang='lat' dir='ltr'>si</span> <span class='ocrx_word' id='word_1_142' title='bbox 922 1766 974 1819; x_wconf 91' lang='lat' dir='ltr'>aut</span> <span class='ocrx_word' id='word_1_143' title='bbox 992 1758 1027 1818; x_wconf 89' lang='lat' dir='ltr'>ad</span> <span class='ocrx_word' id='word_1_144' title='bbox 1048 1756 1121 1818; x_wconf 91' lang='lat' dir='ltr'>lum-</span> 
     </span>
     <span class='ocr_line' id='line_1_19' title="bbox 107 1847 1121 1930; baseline -0.002 -22"><span class='ocrx_word' id='word_1_145' title='bbox 107 1847 164 1908; x_wconf 90' lang='lat' dir='ltr'>hos</span> <span class='ocrx_word' id='word_1_146' title='bbox 188 1848 298 1908; x_wconf 91' lang='lat' dir='ltr'>autad</span> <span class='ocrx_word' id='word_1_147' title='bbox 321 1850 414 1909; x_wconf 92' lang='lat' dir='ltr'>imum</span> <span class='ocrx_word' id='word_1_148' title='bbox 437 1859 571 1908; x_wconf 83' lang='lat' dir='ltr'>ventrem</span> <span class='ocrx_word' id='word_1_149' title='bbox 594 1857 731 1930; x_wconf 85' lang='lat' dir='ltr'>ponatur,</span> <span class='ocrx_word' id='word_1_150' title='bbox 755 1859 907 1908; x_wconf 89' lang='lat' dir='ltr'>menstrua</span> <span class='ocrx_word' id='word_1_151' title='bbox 931 1849 1030 1908; x_wconf 88' lang='lat' dir='ltr'>statim</span> <span class='ocrx_word' id='word_1_152' title='bbox 1054 1865 1121 1924; x_wconf 94' lang='lat' dir='ltr'>pro·</span> 
     </span>
     <span class='ocr_line' id='line_1_20' title="bbox 108 1935 1121 2015; baseline -0.001 -20"><span class='ocrx_word' id='word_1_153' title='bbox 108 1935 295 1997; x_wconf 90' lang='lat' dir='ltr'>vocabuntur</span> <span class='ocrx_word' id='word_1_154' title='bbox 318 1955 434 1997; x_wconf 90' lang='lat' dir='ltr'>necnon</span> <span class='ocrx_word' id='word_1_155' title='bbox 458 1945 489 1997; x_wconf 88' lang='lat' dir='ltr'>et</span> <span class='ocrx_word' id='word_1_156' title='bbox 511 1936 640 1998; x_wconf 90' lang='lat' dir='ltr'>calculos</span> <span class='ocrx_word' id='word_1_157' title='bbox 664 1945 770 2015; x_wconf 87' lang='lat' dir='ltr'>moret,</span> <span class='ocrx_word' id='word_1_158' title='bbox 797 1939 823 2011; x_wconf 85' lang='lat' dir='ltr'>si</span> <span class='ocrx_word' id='word_1_159' title='bbox 845 1955 881 1997; x_wconf 83' lang='lat' dir='ltr'>ex</span> <span class='ocrx_word' id='word_1_160' title='bbox 904 1954 940 1996; x_wconf 93' lang='lat' dir='ltr'>co</span> <span class='ocrx_word' id='word_1_161' title='bbox 963 1935 1046 1995; x_wconf 89' lang='lat' dir='ltr'>ilium</span> <span class='ocrx_word' id='word_1_162' title='bbox 1070 1945 1121 1995; x_wconf 92' lang='lat' dir='ltr'>aut</span> 
     </span>
     <span class='ocr_line' id='line_1_21' title="bbox 65 2022 1121 2106; baseline -0.002 -20"><span class='ocrx_word' id='word_1_163' title='bbox 65 2047 92 2086; x_wconf 77' lang='lat' dir='ltr'>eo</span> <span class='ocrx_word' id='word_1_164' title='bbox 109 2031 214 2085; x_wconf 82' lang='lat' dir='ltr'>venter</span> <span class='ocrx_word' id='word_1_165' title='bbox 232 2026 310 2086; x_wconf 91' lang='lat' dir='ltr'>imus</span> <span class='ocrx_word' id='word_1_166' title='bbox 325 2025 463 2106; x_wconf 87' lang='lat' dir='ltr'>fricetur;</span> <span class='ocrx_word' id='word_1_167' title='bbox 482 2026 628 2104; x_wconf 80' lang='lat' dir='ltr'>podagrae</span> <span class='ocrx_word' id='word_1_168' title='bbox 647 2044 767 2105; x_wconf 90' lang='lat' dir='ltr'>quoque</span> <span class='ocrx_word' id='word_1_169' title='bbox 785 2025 917 2105; x_wconf 79' lang='lat' dir='ltr'>prodest,</span> <span class='ocrx_word' id='word_1_170' title='bbox 936 2026 962 2084; x_wconf 91' lang='lat' dir='ltr'>si</span> <span class='ocrx_word' id='word_1_171' title='bbox 974 2022 1021 2084; x_wconf 83' lang='lat' dir='ltr'>vel</span> <span class='ocrx_word' id='word_1_172' title='bbox 1036 2042 1121 2084; x_wconf 89' lang='lat' dir='ltr'>mane</span> 
     </span>
     <span class='ocr_line' id='line_1_22' title="bbox 107 2113 970 2193; baseline 0.002 -22"><span class='ocrx_word' id='word_1_173' title='bbox 107 2113 155 2174; x_wconf 87' lang='lat' dir='ltr'>vel</span> <span class='ocrx_word' id='word_1_174' title='bbox 178 2122 265 2174; x_wconf 91' lang='lat' dir='ltr'>nocte</span> <span class='ocrx_word' id='word_1_175' title='bbox 287 2115 380 2193; x_wconf 91' lang='lat' dir='ltr'>pedes</span> <span class='ocrx_word' id='word_1_176' title='bbox 404 2133 439 2175; x_wconf 87' lang='lat' dir='ltr'>ex</span> <span class='ocrx_word' id='word_1_177' title='bbox 462 2114 520 2174; x_wconf 92' lang='lat' dir='ltr'>hoc</span> <span class='ocrx_word' id='word_1_178' title='bbox 544 2114 738 2175; x_wconf 86' lang='lat' dir='ltr'>medicamine</span> <span class='ocrx_word' id='word_1_179' title='bbox 761 2114 970 2193; x_wconf 85' lang='lat' dir='ltr'>perfricentnr.</span> 
     </span>
     <span class='ocr_line' id='line_1_23' title="bbox 198 2201 1174 2284; baseline -0.006 -22"><span class='ocrx_word' id='word_1_180' title='bbox 198 2201 364 2282; x_wconf 88' lang='lat' dir='ltr'>Descriptio</span> <span class='ocrx_word' id='word_1_181' title='bbox 389 2205 483 2264; x_wconf 90' lang='lat' dir='ltr'>ceroti</span> <span class='ocrx_word' id='word_1_182' title='bbox 507 2205 567 2263; x_wconf 90' lang='lat' dir='ltr'>sive</span> <span class='ocrx_word' id='word_1_183' title='bbox 591 2203 745 2282; x_wconf 84' lang='lat' dir='ltr'>emplastri</span> <span class='ocrx_word' id='word_1_184' title='bbox 767 2204 914 2284; x_wconf 85' lang='lat' dir='ltr'>podagrae</span> <span class='ocrx_word' id='word_1_185' title='bbox 938 2211 968 2264; x_wconf 90' lang='lat' dir='ltr'>et</span> <span class='ocrx_word' id='word_1_186' title='bbox 986 2202 1120 2263; x_wconf 89' lang='lat' dir='ltr'>articulis</span> <span class='ocrx_word' id='word_1_187' title='bbox 1139 2209 1174 2257; x_wconf 74' lang='lat'>74</span> 
     </span>
     <span class='ocr_line' id='line_1_24' title="bbox 108 2291 1121 2372; baseline 0.001 -21"><span class='ocrx_word' id='word_1_188' title='bbox 108 2299 139 2351; x_wconf 88' lang='lat' dir='ltr'>et</span> <span class='ocrx_word' id='word_1_189' title='bbox 167 2293 266 2351; x_wconf 90' lang='lat' dir='ltr'>nervis</span> <span class='ocrx_word' id='word_1_190' title='bbox 294 2299 324 2352; x_wconf 93' lang='lat' dir='ltr'>et</span> <span class='ocrx_word' id='word_1_191' title='bbox 352 2291 453 2352; x_wconf 91' lang='lat' dir='ltr'>multis</span> <span class='ocrx_word' id='word_1_192' title='bbox 482 2291 572 2352; x_wconf 88' lang='lat' dir='ltr'>rebus</span> <span class='ocrx_word' id='word_1_193' title='bbox 600 2292 676 2352; x_wconf 89' lang='lat' dir='ltr'>infra</span> <span class='ocrx_word' id='word_1_194' title='bbox 705 2295 825 2372; x_wconf 91' lang='lat' dir='ltr'>scriptis</span> <span class='ocrx_word' id='word_1_195' title='bbox 853 2294 924 2353; x_wconf 92' lang='lat' dir='ltr'>satis</span> <span class='ocrx_word' id='word_1_196' title='bbox 952 2291 1034 2352; x_wconf 90' lang='lat' dir='ltr'>utilis</span> <span class='ocrx_word' id='word_1_197' title='bbox 1062 2294 1121 2352; x_wconf 90' lang='lat' dir='ltr'>sic:</span> 
     </span>
     <span class='ocr_line' id='line_1_25' title="bbox 110 2372 1121 2460; baseline 0 -22"><span class='ocrx_word' id='word_1_198' title='bbox 110 2379 179 2438; x_wconf 86' lang='lat' dir='ltr'>Scri</span> <span class='ocrx_word' id='word_1_199' title='bbox 201 2382 313 2440; x_wconf 89' lang='lat' dir='ltr'>taurini</span> <span class='ocrx_word' id='word_1_200' title='bbox 335 2379 366 2440; x_wconf 90' lang='lat' dir='ltr'>P.</span> <span class='ocrx_word' id='word_1_201' title='bbox 385 2379 437 2460; x_wconf 88' lang='grc' dir='ltr'><strong>ΙΙΙ,</strong></span> <span class='ocrx_word' id='word_1_202' title='bbox 461 2383 576 2441; x_wconf 91' lang='lat' dir='ltr'>resinae</span> <span class='ocrx_word' id='word_1_203' title='bbox 601 2380 693 2440; x_wconf 81' lang='lat' dir='ltr'>frixae</span> <span class='ocrx_word' id='word_1_204' title='bbox 716 2380 747 2440; x_wconf 92' lang='lat' dir='ltr'>P.</span> <span class='ocrx_word' id='word_1_205' title='bbox 766 2379 806 2460; x_wconf 94' lang='grc' dir='ltr'>ΙΙ,</span> <span class='ocrx_word' id='word_1_206' title='bbox 835 2380 999 2458; x_wconf 92' lang='lat' dir='ltr'>specularis</span> <span class='ocrx_word' id='word_1_207' title='bbox 1023 2372 1121 2440; x_wconf 83' lang='lat' dir='ltr'>exusti</span> 
     </span>
     <span class='ocr_line' id='line_1_26' title="bbox 66 2466 1121 2548; baseline -0.004 -18"><span class='ocrx_word' id='word_1_208' title='bbox 66 2487 96 2530; x_wconf 77' lang='lat'>25</span> <span class='ocrx_word' id='word_1_209' title='bbox 110 2466 142 2528; x_wconf 98' lang='lat' dir='ltr'>P.</span> <span class='ocrx_word' id='word_1_210' title='bbox 161 2466 201 2547; x_wconf 97' lang='grc' dir='ltr'>ΙΙ,</span> <span class='ocrx_word' id='word_1_211' title='bbox 225 2486 311 2528; x_wconf 89' lang='lat' dir='ltr'>cerae</span> <span class='ocrx_word' id='word_1_212' title='bbox 334 2468 474 2529; x_wconf 89' lang='lat' dir='ltr'>Ponticae</span> <span class='ocrx_word' id='word_1_213' title='bbox 498 2468 529 2528; x_wconf 92' lang='lat' dir='ltr'>P.</span> <span class='ocrx_word' id='word_1_214' title='bbox 549 2468 588 2547; x_wconf 93' lang='grc' dir='ltr'>ΙΙ,</span> <span class='ocrx_word' id='word_1_215' title='bbox 611 2467 671 2528; x_wconf 93' lang='lat' dir='ltr'>olei</span> <span class='ocrx_word' id='word_1_216' title='bbox 694 2468 790 2528; x_wconf 91' lang='lat' dir='ltr'>mollis</span> <span class='ocrx_word' id='word_1_217' title='bbox 813 2467 844 2528; x_wconf 97' lang='lat' dir='ltr'>P.</span> <span class='ocrx_word' id='word_1_218' title='bbox 863 2467 876 2526; x_wconf 98' lang='lat' dir='ltr'>l</span> <span class='ocrx_word' id='word_1_219' title='bbox 896 2467 929 2548; x_wconf 83' lang='lat' dir='ltr'>S,</span> <span class='ocrx_word' id='word_1_220' title='bbox 958 2470 1023 2527; x_wconf 92' lang='lat' dir='ltr'>suci</span> <span class='ocrx_word' id='word_1_221' title='bbox 1044 2485 1121 2526; x_wconf 93' lang='lat' dir='ltr'>mar·</span> 
     </span>
     <span class='ocr_line' id='line_1_27' title="bbox 108 2554 1121 2638; baseline 0 -23"><span class='ocrx_word' id='word_1_222' title='bbox 108 2554 189 2616; x_wconf 89' lang='lat' dir='ltr'>ruhii</span> <span class='ocrx_word' id='word_1_223' title='bbox 214 2587 253 2600; x_wconf 93' lang='lat'><em>-</em></span> <span class='ocrx_word' id='word_1_224' title='bbox 273 2557 313 2637; x_wconf 92' lang='grc' dir='ltr'>ΙΙ,</span> <span class='ocrx_word' id='word_1_225' title='bbox 341 2559 407 2618; x_wconf 91' lang='lat' dir='ltr'>suci</span> <span class='ocrx_word' id='word_1_226' title='bbox 433 2557 610 2636; x_wconf 87' lang='lat' dir='ltr'>plantaginis</span> <span class='ocrx_word' id='word_1_227' title='bbox 636 2555 735 2638; x_wconf 86' lang='grc' dir='ltr'><strong>-ΙΙ,</strong></span> <span class='ocrx_word' id='word_1_228' title='bbox 762 2558 828 2617; x_wconf 91' lang='lat' dir='ltr'>suci</span> <span class='ocrx_word' id='word_1_229' title='bbox 855 2556 1000 2616; x_wconf 88' lang='lat' dir='ltr'>verbenae</span> <span class='ocrx_word' id='word_1_230' title='bbox 1025 2555 1121 2635; x_wconf 90' lang='grc' dir='ltr'><strong>-ΙΙ,</strong></span> 
     </span>
     <span class='ocr_line' id='line_1_28' title="bbox 108 2644 1122 2726; baseline 0 -22"><span class='ocrx_word' id='word_1_231' title='bbox 108 2646 175 2705; x_wconf 87' lang='lat' dir='ltr'>suci</span> <span class='ocrx_word' id='word_1_232' title='bbox 198 2653 313 2705; x_wconf 89' lang='lat' dir='ltr'>mentae</span> <span class='ocrx_word' id='word_1_233' title='bbox 340 2644 438 2726; x_wconf 92' lang='grc' dir='ltr'><strong>-ΙΙ,</strong></span> <span class='ocrx_word' id='word_1_234' title='bbox 467 2647 532 2706; x_wconf 92' lang='lat' dir='ltr'>suci</span> <span class='ocrx_word' id='word_1_235' title='bbox 560 2645 786 2724; x_wconf 79' lang='lat' dir='ltr'>symphoniacas</span> <span class='ocrx_word' id='word_1_236' title='bbox 814 2647 917 2705; x_wconf 88' lang='lat' dir='ltr'>uncias</span> <span class='ocrx_word' id='word_1_237' title='bbox 941 2645 1028 2725; x_wconf 86' lang='lat' dir='ltr'>duas,</span> <span class='ocrx_word' id='word_1_238' title='bbox 1056 2647 1122 2704; x_wconf 93' lang='lat' dir='ltr'>suci</span> 
     </span>
     <span class='ocr_line' id='line_1_29' title="bbox 107 2731 1119 2814; baseline -0.001 -22"><span class='ocrx_word' id='word_1_239' title='bbox 107 2731 221 2812; x_wconf 91' lang='lat' dir='ltr'>phlomi</span> <span class='ocrx_word' id='word_1_240' title='bbox 239 2733 336 2814; x_wconf 80' lang='lat'>—113</span> <span class='ocrx_word' id='word_1_241' title='bbox 361 2752 436 2812; x_wconf 91' lang='lat' dir='ltr'>quae</span> <span class='ocrx_word' id='word_1_242' title='bbox 459 2733 551 2794; x_wconf 89' lang='lat' dir='ltr'>herba</span> <span class='ocrx_word' id='word_1_243' title='bbox 575 2733 661 2812; x_wconf 90' lang='lat' dir='ltr'>longa</span> <span class='ocrx_word' id='word_1_244' title='bbox 680 2743 710 2794; x_wconf 92' lang='lat' dir='ltr'>et</span> <span class='ocrx_word' id='word_1_245' title='bbox 729 2733 786 2793; x_wconf 92' lang='lat' dir='ltr'>lata</span> <span class='ocrx_word' id='word_1_246' title='bbox 806 2743 836 2793; x_wconf 91' lang='lat' dir='ltr'>et</span> <span class='ocrx_word' id='word_1_247' title='bbox 852 2733 951 2792; x_wconf 92' lang='lat' dir='ltr'>mollia</span> <span class='ocrx_word' id='word_1_248' title='bbox 971 2742 1001 2792; x_wconf 91' lang='lat' dir='ltr'>et</span> <span class='ocrx_word' id='word_1_249' title='bbox 1020 2732 1119 2792; x_wconf 92' lang='lat' dir='ltr'>lanosa</span> 
     </span>
     <span class='ocr_line' id='line_1_30' title="bbox 109 2821 1120 2902; baseline 0.001 -22"><span class='ocrx_word' id='word_1_250' title='bbox 109 2821 176 2880; x_wconf 88' lang='lat' dir='ltr'>folia</span> <span class='ocrx_word' id='word_1_251' title='bbox 200 2821 289 2882; x_wconf 92' lang='lat' dir='ltr'>hahet</span> <span class='ocrx_word' id='word_1_252' title='bbox 313 2831 343 2882; x_wconf 91' lang='lat' dir='ltr'>et</span> <span class='ocrx_word' id='word_1_253' title='bbox 363 2823 498 2902; x_wconf 80' lang='lat' dir='ltr'>thyrsum</span> <span class='ocrx_word' id='word_1_254' title='bbox 516 2823 638 2902; x_wconf 90' lang='lat' dir='ltr'>longum</span> <span class='ocrx_word' id='word_1_255' title='bbox 657 2821 792 2883; x_wconf 91' lang='lat' dir='ltr'>lanosum</span> <span class='ocrx_word' id='word_1_256' title='bbox 812 2821 891 2900; x_wconf 85' lang='lat' dir='ltr'>facit,</span> <span class='ocrx_word' id='word_1_257' title='bbox 914 2839 989 2900; x_wconf 85' lang='lat' dir='ltr'>quae</span> <span class='ocrx_word' id='word_1_258' title='bbox 1009 2821 1120 2882; x_wconf 88' lang='lat' dir='ltr'>Graece</span> 
     </span>
     <span class='ocr_line' id='line_1_31' title="bbox 64 2910 1120 2988; baseline 0.002 -20"><span class='ocrx_word' id='word_1_259' title='bbox 64 2927 94 2968; x_wconf 83' lang='lat' dir='ltr'>eo</span> <span class='ocrx_word' id='word_1_260' title='bbox 109 2910 219 2970; x_wconf 91' lang='lat' dir='ltr'>dicitur</span> <span class='ocrx_word' id='word_1_261' title='bbox 242 2910 348 2970; x_wconf 91' lang='lat' dir='ltr'>hermu</span> <span class='ocrx_word' id='word_1_262' title='bbox 372 2911 488 2972; x_wconf 91' lang='lat' dir='ltr'>rabdos.</span> <span class='ocrx_word' id='word_1_263' title='bbox 519 2910 629 2984; x_wconf 79' lang='lat' dir='ltr'>Serum</span> <span class='ocrx_word' id='word_1_264' title='bbox 652 2911 699 2971; x_wconf 84' lang='lat' dir='ltr'>vel</span> <span class='ocrx_word' id='word_1_265' title='bbox 721 2929 790 2971; x_wconf 91' lang='lat' dir='ltr'>cera</span> <span class='ocrx_word' id='word_1_266' title='bbox 813 2910 859 2970; x_wconf 91' lang='lat' dir='ltr'>vel</span> <span class='ocrx_word' id='word_1_267' title='bbox 882 2912 980 2970; x_wconf 89' lang='lat' dir='ltr'>resina</span> <span class='ocrx_word' id='word_1_268' title='bbox 1004 2928 1120 2988; x_wconf 91' lang='lat' dir='ltr'>separa-</span> 
     </span>
     <span class='ocr_line' id='line_1_32' title="bbox 108 2998 1120 3079; baseline 0.001 -21"><span class='ocrx_word' id='word_1_269' title='bbox 108 3000 162 3058; x_wconf 89' lang='lat' dir='ltr'>tim</span> <span class='ocrx_word' id='word_1_270' title='bbox 190 2998 355 3059; x_wconf 89' lang='lat' dir='ltr'>lentissimo</span> <span class='ocrx_word' id='word_1_271' title='bbox 382 3001 451 3078; x_wconf 92' lang='lat' dir='ltr'>igne</span> <span class='ocrx_word' id='word_1_272' title='bbox 480 2999 635 3060; x_wconf 88' lang='lat' dir='ltr'>solvuntur</span> <span class='ocrx_word' id='word_1_273' title='bbox 664 2998 859 3079; x_wconf 91' lang='lat' dir='ltr'>colanturque</span> <span class='ocrx_word' id='word_1_274' title='bbox 887 3001 972 3060; x_wconf 92' lang='lat' dir='ltr'>etin</span> <span class='ocrx_word' id='word_1_275' title='bbox 995 2998 1120 3060; x_wconf 91' lang='lat' dir='ltr'>caccabo</span> 
     </span>
     <span class='ocr_line' id='line_1_33' title="bbox 108 3087 1120 3168; baseline 0.002 -22"><span class='ocrx_word' id='word_1_276' title='bbox 108 3095 212 3165; x_wconf 91' lang='lat' dir='ltr'>postea</span> <span class='ocrx_word' id='word_1_277' title='bbox 244 3106 312 3148; x_wconf 92' lang='lat' dir='ltr'>cum</span> <span class='ocrx_word' id='word_1_278' title='bbox 346 3106 434 3166; x_wconf 90' lang='lat' dir='ltr'>supra</span> <span class='ocrx_word' id='word_1_279' title='bbox 463 3090 583 3168; x_wconf 86' lang='lat' dir='ltr'>scriptis</span> <span class='ocrx_word' id='word_1_280' title='bbox 614 3087 771 3166; x_wconf 90' lang='lat' dir='ltr'>speciebus</span> <span class='ocrx_word' id='word_1_281' title='bbox 804 3090 980 3167; x_wconf 85' lang='lat' dir='ltr'>miscentur,</span> <span class='ocrx_word' id='word_1_282' title='bbox 1013 3087 1120 3148; x_wconf 90' lang='lat' dir='ltr'>deinde</span> 
     </span>
     <span class='ocr_line' id='line_1_34' title="bbox 108 3175 1120 3258; baseline 0.001 -23"><span class='ocrx_word' id='word_1_283' title='bbox 108 3175 197 3236; x_wconf 91' lang='lat' dir='ltr'>simul</span> <span class='ocrx_word' id='word_1_284' title='bbox 221 3175 443 3258; x_wconf 81' lang='lat' dir='ltr'>decoquuntur3</span> <span class='ocrx_word' id='word_1_285' title='bbox 466 3185 569 3255; x_wconf 90' lang='lat' dir='ltr'>postea</span> <span class='ocrx_word' id='word_1_286' title='bbox 593 3177 712 3237; x_wconf 89' lang='lat' dir='ltr'>additur</span> <span class='ocrx_word' id='word_1_287' title='bbox 733 3176 831 3238; x_wconf 93' lang='lat' dir='ltr'>oleum</span> <span class='ocrx_word' id='word_1_288' title='bbox 851 3179 1007 3237; x_wconf 91' lang='lat' dir='ltr'>etiterum</span> <span class='ocrx_word' id='word_1_289' title='bbox 1028 3177 1120 3237; x_wconf 88' lang='lat' dir='ltr'>modi-</span> 
     </span>
     <span class='ocr_line' id='line_1_35' title="bbox 109 3263 1121 3344; baseline 0.001 -19"><span class='ocrx_word' id='word_1_290' title='bbox 109 3282 178 3325; x_wconf 92' lang='lat' dir='ltr'>cum</span> <span class='ocrx_word' id='word_1_291' title='bbox 193 3264 341 3324; x_wconf 86' lang='lat' dir='ltr'>fervorem</span> <span class='ocrx_word' id='word_1_292' title='bbox 355 3265 446 3326; x_wconf 90' lang='lat' dir='ltr'>ducit.</span> <span class='ocrx_word' id='word_1_293' title='bbox 470 3265 581 3326; x_wconf 86' lang='lat' dir='ltr'>Deinde</span> <span class='ocrx_word' id='word_1_294' title='bbox 596 3273 710 3326; x_wconf 89' lang='lat' dir='ltr'>remoto</span> <span class='ocrx_word' id='word_1_295' title='bbox 725 3265 761 3326; x_wconf 95' lang='lat' dir='ltr'>ab</span> <span class='ocrx_word' id='word_1_296' title='bbox 776 3267 838 3344; x_wconf 91' lang='lat' dir='ltr'>igni</span> <span class='ocrx_word' id='word_1_297' title='bbox 851 3263 977 3326; x_wconf 90' lang='lat' dir='ltr'>caccabo</span> <span class='ocrx_word' id='word_1_298' title='bbox 991 3268 1121 3326; x_wconf 88' lang='lat' dir='ltr'>mittitur</span> 
     </span>
    </p>
   </div>
   <div class='ocr_carea' id='block_1_3' title="bbox 106 3399 1176 3598">
    <p class='ocr_par' dir='ltr' id='par_1_3' title="bbox 106 3399 1176 3598">
     <span class='ocr_line' id='line_1_36' title="bbox 197 3399 1120 3472; baseline 0.003 -20"><span class='ocrx_word' id='word_1_299' title='bbox 197 3405 214 3452; x_wconf 84' lang='lat'>4</span> <span class='ocrx_word' id='word_1_300' title='bbox 233 3399 281 3453; x_wconf 85' lang='lat' dir='ltr'>dia</span> <span class='ocrx_word' id='word_1_301' title='bbox 301 3399 387 3472; x_wconf 80' lang='lat' dir='ltr'>cisen]</span> <span class='ocrx_word' id='word_1_302' title='bbox 407 3400 533 3454; x_wconf 78' lang='lat' dir='ltr'>Eandem</span> <span class='ocrx_word' id='word_1_303' title='bbox 552 3403 769 3470; x_wconf 77' lang='lat' dir='ltr'>compositionem</span> <span class='ocrx_word' id='word_1_304' title='bbox 789 3402 826 3454; x_wconf 82' lang='lat' dir='ltr'>ad</span> <span class='ocrx_word' id='word_1_305' title='bbox 841 3401 995 3470; x_wconf 74' lang='lat' dir='ltr'>podagram</span> <span class='ocrx_word' id='word_1_306' title='bbox 1017 3417 1120 3455; x_wconf 82' lang='lat' dir='ltr'>sanan·</span> 
     </span>
     <span class='ocr_line' id='line_1_37' title="bbox 106 3471 1176 3598; baseline 0 -73"><span class='ocrx_word' id='word_1_307' title='bbox 106 3471 289 3598; x_wconf 46' lang='lat' dir='ltr'>{mmet</span> <span class='ocrx_word' id='word_1_308' title='bbox 306 3471 444 3526; x_wconf 77' lang='lat' dir='ltr'>Alexand.</span> <span class='ocrx_word' id='word_1_309' title='bbox 466 3472 552 3526; x_wconf 83' lang='lat' dir='ltr'>Trall.</span> <span class='ocrx_word' id='word_1_310' title='bbox 571 3475 621 3527; x_wconf 82' lang='lat' dir='ltr'>vol.</span> <span class='ocrx_word' id='word_1_311' title='bbox 637 3472 672 3540; x_wconf 89' lang='lat' dir='ltr'>ll,</span> <span class='ocrx_word' id='word_1_312' title='bbox 687 3478 739 3528; x_wconf 75' lang='lat'>537</span> <span class='ocrx_word' id='word_1_313' title='bbox 760 3472 887 3528; x_wconf 81' lang='lat' dir='ltr'>Pmchm.</span> <span class='ocrx_word' id='word_1_314' title='bbox 948 3479 981 3525; x_wconf 82' lang='lat'>13</span> <span class='ocrx_word' id='word_1_315' title='bbox 999 3472 1120 3526; x_wconf 80' lang='lat' dir='ltr'>asilosee</span> <span class='ocrx_word' id='word_1_316' title='bbox 1151 3569 1176 3585; x_wconf 52' lang='lat'>,‚</span> 
     </span>
    </p>
   </div>
   <div class='ocr_carea' id='block_1_4' title="bbox 0 0 1310 4017">
    <p class='ocr_par' dir='ltr' id='par_1_4' title="bbox 0 0 1310 4017">
     <span class='ocr_line' id='line_1_38' title="bbox 0 0 1310 4017; baseline 0 0"><span class='ocrx_word' id='word_1_317' title='bbox 0 0 1310 4017; x_wconf 95' lang='lat' dir='ltr'> </span> 
     </span>
    </p>
   </div>
  </div>
 </body>
</html>
