2609 4017
488 173 730 238 -351-

99 334 268 396 involutum
296 338 327 397 in
354 337 481 397 ventrali
507 344 620 419 gestes3
650 338 784 400 dolorem
811 357 872 400 non
900 341 1021 419 patieris
1049 342 1115 400 eins

99 423 169 504 loci,
192 424 229 485 de
254 443 312 504 quo
335 426 427 487 luerit
450 425 561 506 aliquid
585 428 735 489 eductum.

191 513 257 574 blus
280 514 439 594 degluptus
463 523 492 576 et
515 533 569 595 per
592 517 724 577 medium
743 527 880 578 exsectus
900 516 1112 596 adpositusqne
1132 529 1166 579 33

100 605 214 680 omnia,
238 621 312 682 quae
336 603 518 664 inhaeserint
541 607 669 686 corpori,
692 604 777 666 lacile
800 606 948 684 producit
988 604 1112 666 Crustae
1131 619 1166 668 33

69 691 148 752 evol
176 709 244 752 ossa
271 693 421 771 sepiarum
449 692 658 754 conburuntur
681 696 816 773 cinisque
840 712 942 755 earum
964 695 1114 772 inpositus

100 780 212 860 educit,
231 798 435 860 quaecumque
455 784 575 860 corpori
593 782 785 845 inhaeserint.
808 782 905 844 Alium
920 783 1030 844 elixum
1045 800 1113 844 cum
1132 796 1166 845 31

99 871 169 948 pice
192 870 355 947 inpositum
378 870 539 931 arundines
563 870 692 932 extrahit
714 873 833 949 corpori
856 872 975 933 adfixas.
1011 871 1113 932 Filicis
1132 884 1167 934 33

100 958 187 1020 radix
214 960 284 1018 trita
312 958 488 1019 arundinem
516 960 657 1040 extrahit,
689 977 811 1020 rursum
843 961 998 1021 arundinis
1030 961 1114 1021 radix

100 1056 191 1108 tunsa
209 1048 396 1126 inpositaque
414 1047 532 1129 tilicem,
554 1067 629 1128 qnae
649 1051 769 1127 corpori
787 1046 958 1128 inhaeserit,
976 1049 1114 1109 celeriter

52 1153 85 1193 xo
101 1135 244 1197 extrudit.
290 1135 423 1196 herilolii
451 1136 534 1196 radix
568 1139 697 1197 contrita
728 1139 915 1216 inpositaque
948 1136 1008 1218 his,
1038 1150 1167 1216 quaese

100 1225 223 1303 corpori
242 1223 438 1304 adhaeserint,
461 1233 599 1303 potenter
623 1226 767 1287 medetur.

192 1312 314 1392 Blattae,
336 1313 367 1373 id
390 1323 437 1374 est
459 1313 610 1396 bestiolae,
634 1315 785 1375 adstrictis
808 1314 1054 1394 tumentibusque
1077 1314 1114 1374 de
1132 1327 1167 1376 43

100 1405 212 1465 iniuria
234 1401 361 1480 pedibus
384 1410 414 1463 et
438 1402 503 1463 talis
527 1405 613 1464 tritae
637 1412 726 1483 atque
744 1404 891 1483 inpositae
909 1405 1016 1482 omnia,
1038 1420 1114 1482 quae

99 1492 285 1553 inhaeserint
304 1492 431 1571 corpori,
450 1498 588 1570 potenter
608 1492 767 1570 expellunt.
795 1491 889 1554 Radix
904 1491 1048 1552 silvestris
1063 1509 1114 1551 cu·
1132 1504 1167 1553 41

55 1596 86 1637 1s
101 1581 234 1642 cumeris
266 1598 334 1640 cum
363 1579 456 1640 farina
488 1579 541 1640 lini
573 1583 696 1642 seminis
725 1581 853 1658 inposita
880 1579 963 1640 valde
991 1579 1115 1658 prodest

100 1668 245 1730 eiciendis
267 1668 323 1743 his,
348 1687 423 1748 quae
442 1670 562 1748 corpori
579 1669 772 1730 inhaeserint
806 1668 923 1729 Urticae
942 1668 1026 1728 radix
1045 1681 1167 1729 333143

101 1757 162 1818 3313
190 1758 261 1818 trita
284 1764 373 1836 atque
396 1757 529 1837 adposita
552 1758 704 1838 producit,
733 1774 937 1837 quaecumque
963 1757 1115 1817 haeserint

100 1855 153 1907 aut
176 1844 287 1907 calcata
310 1847 429 1906 luerint.

192 1933 414 2013 Cuiuscumque
438 1934 570 1994 animalis
594 1934 751 2013 coagulum
770 1935 896 1994 maxime
915 1932 1025 2012 leporis
1045 1951 1113 1993 cnm
1132 1946 1168 1995 43

56 2040 86 2080 so
100 2025 168 2103 pari
191 2023 322 2102 pondere
347 2024 423 2083 turis
446 2023 492 2083 vel
515 2025 589 2084 visci
610 2025 774 2102 inpositum
797 2040 973 2103 permanere
996 2023 1028 2082 in
1049 2040 1114 2082 cor·

99 2129 175 2192 pore
209 2129 284 2188 quae
315 2110 425 2172 calcata
453 2119 522 2172 3331
549 2130 610 2172 333
638 2114 717 2172 31311
763 2111 963 2191 hrgimoniam
991 2110 1114 2170 herbam
1132 2124 1168 2173 44

100 2209 183 2262 teres
203 2209 232 2260 et
250 2199 324 2279 loco,
348 2202 398 2261 cui
416 2199 525 2279 aliquid
545 2199 685 2280 haeserit,
706 2202 924 2281 superpositam
943 2199 1114 2279 conligabis,

100 2289 259 2351 confestim
277 2289 425 2369 proderit3
444 2289 500 2349 hoc
520 2297 677 2368 expertum
696 2307 761 2349 esse
780 2288 846 2367 legi.
875 2288 985 2348 Terrae
1004 2287 1113 2348 malum
1133 2301 1167 2350 43

101 2396 171 2439 3331
195 2377 281 2438 313113
304 2385 385 2438 teres
409 2387 439 2438 et
456 2380 581 2456 inpones
601 2378 636 2437 ad
656 2380 763 2456 omnia,
782 2394 986 2456 quaecumque
1005 2376 1115 2436 calcata

60 2482 86 2523 so
104 2465 222 2527 extrahi
249 2464 392 2546 volueris3
419 2464 476 2526 hoo
505 2468 577 2526 satis
601 2464 674 2526 utile
697 2467 869 2543 experieris.
910 2464 1022 2543 Nepeta
1045 2482 1114 2524 con·
1133 2478 1167 2529 43

101 2553 174 2616 trita
198 2554 243 2615 vel
266 2553 334 2615 rubi
354 2554 430 2636 lolia,
453 2572 521 2614 nam
541 2554 619 2614 idem
637 2561 798 2634 praestant,
822 2555 950 2632 inposita
968 2551 1042 2631 loco,
1066 2553 1115 2613 cui

101 2643 214 2722 aliquid
237 2643 412 2723 inhaeserit,
436 2650 574 2722 potenter
597 2643 763 2722 medentur,
787 2644 813 2702 si
835 2641 964 2720 desuper
988 2658 1024 2699 ex
1046 2639 1114 2699 hor·

102 2731 198 2792 diacia
216 2732 311 2793 farina
329 2730 457 2792 massula
476 2733 565 2792 nimis
585 2731 661 2792 salsa
680 2739 711 2792 et
729 2730 829 2791 calens
843 2730 1017 2808 adponatur.
1044 2728 1114 2788 Lar·
1133 2743 1169 2791 4t

102 2820 174 2881 dnm
193 2827 311 2881 coctum
330 2839 398 2882 cum
417 2822 520 2899 pingui
540 2839 594 2881 suo
614 2820 841 2898 adpositumque
859 2825 999 2897 potenter
1017 2819 1115 2877 omnia

62 2925 88 2965 33
103 2908 233 2988 expellit,
258 2927 333 2988 quae
357 2911 477 2987 corpori
499 2909 692 2986 inhaeserint,
715 2910 741 2968 si
763 2907 824 2968 illic
847 2906 993 2984 alligetur.

193 2996 287 3058 Clavis
307 2997 417 3076 pedum
436 2997 576 3076 callisque
596 3005 626 3057 et
645 2999 778 3057 verrucis
797 2996 870 3057 haec
887 2995 1018 3056 remedia
1032 2993 1115 3055 utilia
1134 3008 1171 3056 43

103 3094 181 3147 3331.
227 3085 301 3146 Nam
328 3085 480 3164 plerisque
508 3087 627 3146 nomine
657 3084 847 3145 clavellornm
874 3085 1022 3163 pernicies
1046 3085 1115 3143 arti·

103 3173 179 3235 culis
206 3176 361 3253 increscit,
390 3192 465 3254 quae
494 3174 637 3235 obdurata
666 3173 740 3235 callo
769 3173 895 3252 quodam
924 3173 1047 3250 rigescit
1072 3174 1116 3230 in·

104 3262 322 3342 credibilesque
343 3262 463 3324 exhibet
477 3262 646 3323 ambulandi
660 3261 859 3323 difficultates.
887 3259 966 3320 llaec
980 3257 1117 3320 molestia

194 3403 227 3451 10
245 3397 325 3452 radix
344 3413 395 3452 om.
475 3403 507 3451 11
528 3413 651 3481 corpore.
726 3401 761 3450 14
780 3411 902 3466 corpore.
977 3400 1009 3450 16
1030 3393 1117 3464 quae]

104 3467 160 3536 qni.
234 3473 267 3524 19
287 3466 449 3551 qnagulum.
522 3475 556 3524 21
577 3467 735 3551 agrimonia
752 3466 849 3522 herba
910 3470 945 3520 26
963 3466 1118 3535 praestent

104 3545 137 3594 27
157 3538 289 3594 ordiacia
363 3538 773 3610 993133333331313311.
