2609 4017
465 193 702 261 -145-

92 359 191 420 calcem
219 378 285 420 cum
313 363 437 440 axungia
463 368 563 422 vetere
588 360 741 421 subactam
763 363 907 441 inponite,
931 360 1088 422 confestim

91 448 206 510 sanabis.
242 449 370 529 Spumae
393 452 509 528 argenti
526 449 558 510 P.
576 449 599 531 l,
623 449 681 510 olei
703 452 813 510 veteris
831 449 863 510 P.
882 449 917 529 ll,
940 449 1009 510 salis
1029 467 1088 509 am·
1106 465 1144 514 tn

89 539 206 597 moniaci
227 537 259 598 P.
278 537 318 619 ll,
340 538 457 618 galbani
480 537 511 599 P.
529 538 570 620 113
598 537 686 598 simul
712 538 784 599 haec
808 540 905 599 omnia
927 540 1088 617 permisce·

88 624 140 706 bis,
165 628 205 687 ita
232 634 266 686 ut
294 645 428 706 spumam
456 630 571 706 argenti
599 629 630 687 in
659 626 724 687 oleo
751 627 900 706 decoquas
928 645 1024 707 usque
1051 626 1088 687 ad

65 713 305 775 cerassitudiuem
328 715 433 794 mellis,
456 722 521 776 tum
544 715 654 776 adicies
679 714 769 776 salem
792 723 822 776 et
848 735 949 796 pones,
973 725 1007 776 ut
1030 715 1089 776 ler-

86 811 155 882 veat,
186 805 259 863 item
282 803 438 882 galbanum
462 805 552 865 addes
575 812 605 865 et
628 821 751 865 rursum
772 822 879 884 pones,
907 813 940 866 nt
963 805 1088 885 ferveat3

86 899 178 968 postea
198 892 288 953 simul
306 895 404 953 omnia
423 892 534 953 colabis
552 902 583 953 et
601 893 747 953 recondes
767 900 796 953 et
811 911 878 953 cum
893 911 969 972 opus
987 893 1087 973 luerit,

86 995 160 1042 more
183 981 337 1059 emplastri
360 984 437 1041 miro
459 981 592 1042 remedio
616 981 754 1042 sedandis
777 980 961 1060 parotidibus
985 984 1088 1042 uteris.

85 1065 186 1128 Vitium
213 1078 386 1130 exustarum
413 1072 489 1130 cinis
512 1089 581 1131 cum
604 1088 672 1131 cera
696 1077 726 1130 et
748 1071 848 1130 resina
871 1070 992 1149 paribus
1016 1089 1088 1150 pon·
1107 1083 1144 1133 43

52 1175 74 1215 ro
86 1155 198 1218 denibus
211 1158 367 1237 adpositus
381 1159 525 1237 parotidis
539 1159 670 1238 prodest,
690 1158 743 1220 sed
757 1178 816 1219 una
831 1159 981 1219 decoctus.
1008 1158 1088 1218 Ster·
1107 1173 1144 1221 44

85 1262 132 1303 cus
150 1245 354 1308 columbinum
372 1250 477 1308 tritum
496 1266 564 1308 cnm
582 1247 676 1307 farina
694 1246 845 1308 hordiacia
859 1265 896 1307 ex
915 1247 1001 1307 melle
1020 1246 1089 1307 sub-

86 1341 175 1394 actum
197 1344 229 1395 et
250 1335 346 1396 calide
370 1335 538 1414 adpositum
560 1346 717 1397 nascentes
737 1336 887 1415 parotidas
911 1338 1089 1415 comprimit.

85 1421 174 1501 tdeps
192 1425 295 1484 ursina
319 1426 385 1503 pari
407 1424 540 1502 pondere
563 1443 631 1485 cum
654 1443 724 1486 sevo
745 1427 862 1486 taurino
886 1433 916 1485 et
935 1443 1003 1486 cera
1021 1443 1088 1503 per·
1107 1438 1144 1488 45

86 1511 168 1571 mixta
199 1521 291 1592 atque
323 1513 456 1591 adposita
488 1513 674 1592 parulidibus
704 1515 812 1574 mirum
839 1514 1003 1574 remedium
1034 1522 1088 1574 est.

54 1613 75 1653 ιι
86 1596 190 1678 Pingue
212 1601 311 1682 laridi,
335 1600 413 1680 qnod
432 1603 628 1663 intercutem
650 1608 682 1662 et
699 1619 819 1662 earnem
838 1619 966 1662 macram
986 1609 1040 1680 est,
1064 1601 1090 1660 si
1108 1616 1144 1666 46

86 1689 262 1763 parotidibus
282 1689 448 1769 adponatur
466 1698 497 1751 et
514 1690 574 1750 illic
592 1690 711 1769 ligetur,
731 1691 789 1750 cito
805 1689 995 1751 sanabuntur.
1024 1689 1090 1749 blus
1108 1704 1145 1754 4‘1

87 1793 203 1838 maneus
227 1781 254 1838 si
277 1781 309 1838 in
328 1778 455 1839 orbitam
473 1778 622 1859 inciderit,
644 1778 772 1838 naturali
793 1777 852 1838 lato
871 1777 931 1838 illic
950 1777 1090 1838 detentus

87 1868 230 1928 emoritur.
268 1865 356 1927 Hunc
380 1866 441 1928 illic
459 1869 613 1928 inventum
631 1866 733 1946 argilla
752 1875 802 1928 aut
821 1866 911 1928 linteo
931 1874 982 1927 aut
1000 1866 1091 1945 phoe-

88 1953 157 2013 nicio
179 1955 302 2025 involve
330 1964 360 2016 et
387 1974 423 2016 er
452 1975 486 2017 eo
514 1963 562 2016 ter
589 1954 803 2017 circumscribe
828 1954 990 2036 parotidas,
1014 1973 1090 2034 quae

54 2041 114 2100 nin
135 2060 260 2123 corpore
283 2043 383 2104 subito
406 2045 583 2124 turgebunt3
606 2046 680 2105 mira
704 2044 855 2106 celeritate
879 2043 1005 2104 sanabis.

167 2131 277 2193 llalvae
300 2131 400 2193 radice
423 2132 483 2193 lino
506 2133 553 2192 vel
575 2133 643 2193 licio
668 2135 791 2195 traiecta
817 2141 868 2193 aut
893 2133 1089 2212 arnoglossae,
1108 2147 1145 2196 48

86 2217 112 2276 id
133 2229 177 2281 est
198 2221 392 2304 plantaginis,
420 2220 519 2282 radice
546 2221 685 2282 similiter
707 2221 783 2282 collo
807 2221 989 2283 circumdata
1013 2230 1090 2282 stru·

87 2323 143 2367 mas
158 2313 256 2370 sanari
275 2310 464 2370 manifestum
483 2318 538 2371 est.
567 2310 722 2371 Mentastri
741 2329 832 2372 sucus
851 2329 919 2371 cum
938 2311 1006 2370 vino
1026 2327 1090 2388 gar·
1109 2324 1144 2374 49

87 2398 224 2470 garizatus
247 2399 422 2476 frequenter
441 2407 569 2460 strumas
588 2405 782 2478 tumoresque
802 2399 950 2459 discutiet.
983 2397 1145 2462 Farinam

55 2495 76 2536 ιι
88 2480 240 2569 hordiacia,
263 2489 313 2565 pix
336 2487 448 2566 liquida
467 2506 535 2548 eum
554 2506 621 2548 cera
641 2496 671 2548 et
689 2487 755 2548 oleo
774 2489 865 2548 mixta
883 2494 1090 2564 percoctaqne,

87 2571 191 2635 adiecto
214 2575 326 2653 puerili
344 2575 415 2635 lotio
434 2574 566 2655 subacta,
590 2594 674 2636 more
693 2574 845 2654 emplastri
864 2576 991 2652 inposita
1011 2580 1089 2632 stru·

88 2677 143 2721 mas
165 2664 280 2724 utiliter
304 2662 427 2724 sanabit.
469 2664 631 2725 Galbanum
661 2665 823 2743 inpositum
846 2679 938 2741 super
961 2671 1090 2720 strumas
1110 2675 1144 2724 51

88 2746 163 2810 lacile
190 2771 242 2812 eas
268 2753 398 2813 discutit.
440 2752 522 2813 Idem
545 2760 677 2831 praestat
700 2760 729 2812 et
753 2751 796 2812 sal
818 2751 1018 2811 ammoniacus
1041 2748 1091 2809 ad·

87 2841 193 2912 positus
222 2840 268 2900 vel
294 2840 433 2901 densiore
461 2841 577 2920 liquore
606 2841 718 2901 inditus
746 2849 797 2901 aut
828 2839 939 2899 inlitus.
981 2837 1090 2900 Contra
1109 2851 1146 2902 52

56 2936 182 2989 uomues
206 2937 336 2990 strumas
359 2937 390 2990 et
413 2930 531 2990 leminis
554 2938 584 2990 et
608 2929 740 2989 maribus
764 2929 953 2989 utilissimum
978 2936 1037 3009 est,
1065 2929 1114 3013 si,

87 3030 134 3074 cor
154 3017 281 3078 lacertae
304 3017 408 3078 viridis
430 3018 532 3096 lupino
556 3026 697 3096 argenteo
721 3017 855 3079 clausum
883 3019 914 3076 in
943 3016 1018 3077 collo
1042 3034 1091 3077 su·

88 3117 219 3181 sponsum
244 3124 362 3185 semper
384 3106 519 3168 habeant.
556 3105 609 3166 Fal
631 3105 777 3167 bubulum
799 3106 846 3166 vel
869 3123 1033 3183 caprunum
1053 3103 1090 3164 ad
1110 3119 1149 3169 ⁶3

87 3190 255 3272 incipientes
279 3203 408 3255 strumas
431 3196 542 3274 optime
560 3195 659 3255 iacere
683 3198 884 3274 experimenta
910 3194 1090 3273 docuerunt,

87 3295 148 3341 nam
174 3285 294 3363 penitus
321 3302 459 3345 crescere
487 3302 548 3344 nou
576 3285 725 3364 sinentur,
757 3287 783 3344 si
810 3302 846 3344 eo
874 3282 997 3342 adsidue
1026 3288 1090 3340 tan·

155 3495 185 3542 11
204 3490 335 3546 ordiacie.
422 3496 455 3544 16
474 3489 628 3560 paratibus.
717 3494 750 3544 18
769 3485 867 3557 argila.
955 3485 1093 3542 foenioeo.

89 3559 121 3609 24
136 3558 323 3630 tumoresque.
396 3567 430 3615 25
449 3560 581 3615 ordiccia.
877 3587 880 3594 ⁴

137 3658 295 3708 mannus,
310 3671 350 3700 ιιι.
363 3662 520 3702 flunmen.
900 3651 932 3700 10
