2609 4017
579 183 733 248 -348
783 219 822 230 —

194 346 321 426 lentum,
344 346 400 406 hoo
424 345 511 406 modo
535 345 704 407 curabitur:
736 344 894 425 Butyrum,
921 345 1046 405 lerinam
1070 343 1159 404 labae
1184 354 1216 405 et

194 435 343 496 modicum
372 434 467 495 mellis
495 434 634 495 miscebis
663 441 752 512 atque
779 435 811 493 in
838 433 960 495 modum
988 432 1214 512 cataplasmatis

195 542 306 602 coques
334 531 363 585 et
391 526 422 584 in
449 523 571 584 linteolo
597 523 706 583 inlices
734 530 765 583 et
787 524 832 583 sic
854 523 891 583 ad
914 522 1014 583 locum
1035 521 1213 602 adplicabis,

194 614 304 673 mbum
327 612 492 672 remedium
516 614 690 690 experieris.

141 714 175 763 ‘12
282 700 404 761 Veretra
427 707 461 760 ut
484 703 617 760 auctiora
641 700 805 775 videantur,
830 702 951 779 panacis
973 699 1060 760 radix
1082 701 1113 760 in
1137 701 1238 760 vinos

195 788 273 850 bono
296 788 395 848 triduo
420 797 588 850 maceratur
611 807 740 868 eumque
763 788 931 850 coeundum
955 796 1009 862 est,
1034 788 1141 848 femori
1166 789 1211 847 in-

195 876 312 957 ligetur,
330 895 363 936 re
382 885 501 957 peracta
516 879 547 937 in
563 879 629 937 vino
644 878 776 957 reposita
788 877 896 938 iisdem
909 876 1014 938 usibus
1028 883 1211 937 reservatur.

142 979 175 1028 ’13
285 965 323 1026 Ut
347 983 464 1045 semper
488 967 529 1026 sis
551 975 674 1044 paratus
696 969 727 1026 in
751 984 899 1046 venerem,
924 967 1007 1044 porri
1031 983 1133 1026 semen
1158 966 1211 1025 tri·

196 1061 259 1114 tum
284 1063 314 1114 et
337 1063 422 1116 rutae
445 1073 548 1115 semen
571 1056 676 1115 tritum
699 1056 803 1134 aequis
820 1053 1009 1133 portionibus
1027 1056 1120 1115 misce
1141 1071 1210 1114 cum

194 1142 270 1204 lacte
297 1161 428 1222 caprano
451 1144 566 1204 recenti
589 1153 619 1203 et
641 1145 761 1204 ieiunus
784 1144 908 1204 adsidue
930 1141 1008 1205 bibe.
1223 1157 1248 1196 ιο

579 1336 659 1398 GAP.
682 1336 825 1398 llllllllll.

195 1447 358 1504 Genuum
381 1447 558 1530 doloribus
581 1451 617 1504 et
635 1461 777 1504 crurum
794 1462 834 1504 ac
851 1448 1015 1504 tibiarum
1032 1445 1211 1503 ulceribus

195 1539 230 1592 et
247 1537 419 1593 varicibus
437 1540 471 1593 et
490 1537 585 1594 callis
603 1538 733 1607 pedum
751 1540 856 1607 atque
875 1537 980 1593 clavis
998 1538 1034 1591 et
1056 1535 1211 1591 venucis

195 1628 230 1681 et
256 1625 382 1696 plantis
410 1629 445 1681 et
471 1625 653 1696 pollicibus
681 1628 716 1681 et
738 1626 818 1681 talis
842 1629 877 1682 et
900 1624 1052 1681 articulis
1076 1627 1112 1681 et
1133 1639 1210 1694 per-

194 1713 354 1770 nionibus
373 1718 409 1770 et
425 1715 537 1784 ruptis
550 1714 697 1784 pedibus
711 1717 747 1770 et
761 1713 1008 1783 condylomatis
1021 1727 1210 1770 nervorum

194 1804 299 1872 atque
323 1803 547 1860 articulorum
569 1805 604 1858 et
622 1803 668 1858 ad
687 1803 908 1872 emolienda,
932 1816 1021 1873 quae
1040 1814 1124 1859 casu
1144 1803 1211 1858 cal·

196 1893 271 1947 cata
297 1891 425 1947 morini
451 1892 507 1947 vel
535 1905 623 1962 quae
652 1891 785 1960 corpori
811 1891 1030 1957 inhaeserint,
1057 1890 1209 1947 remedia

239 1980 379 2049 physica
402 1982 437 2036 et
458 1979 671 2037 rationabilia
694 1980 827 2036 diversa
850 1981 892 2037 de
916 1979 1170 2050 experimentis.

161 2127 175 2175 1
284 2113 421 2174 Genuum
444 2114 540 2175 dolori
562 2134 686 2178 muscus
709 2134 745 2176 ex
764 2118 878 2194 piscina
896 2116 943 2176 vel
961 2116 1065 2176 lacuna
1084 2115 1133 2177 rel
1151 2128 1208 2176 sta·

196 2220 253 2281 gno
283 2201 425 2263 collectus
454 2203 568 2264 adiecto
596 2204 717 2284 paululo
747 2203 817 2264 salis
840 2203 982 2266 subactus
1006 2214 1036 2264 et
1059 2207 1208 2284 inpositus

160 2303 176 2350 2
195 2290 325 2370 prodest.
362 2290 496 2352 Hederae
520 2294 621 2370 nigrae
645 2293 785 2354 bacarum
809 2291 936 2373 hemina,
959 2294 1033 2354 licus
1052 2293 1206 2354 Africanae

194 2380 226 2440 P.
246 2379 271 2460 1,
300 2381 443 2458 axungiae
470 2413 507 2423 —
529 2380 563 2443 ll.
605 2381 735 2442 Contusa
762 2381 836 2442 bace
864 2392 895 2443 et
922 2400 990 2443 cum
1013 2383 1083 2442 rino
1107 2390 1206 2443 vetere

195 2468 319 2530 subacta
342 2468 468 2548 genibus
490 2469 573 2530 inlita
597 2477 736 2548 potenter
759 2469 877 2530 dolores
900 2488 1003 2531 eorum
1026 2468 1157 2531 abolent
1218 2481 1243 2520 1⁵

91 2587 93 2590 ·
159 2569 175 2617 3
284 2558 386 2618 Genua
410 2560 437 2617 si
459 2557 618 2618 tumebant
636 2557 682 2617 vel
705 2557 853 2619 instabilia
876 2568 972 2638 erunt,
995 2558 1141 2619 alronitra
1159 2576 1206 2619 co·

194 2648 276 2726 piosa
300 2649 331 2706 in
353 2663 441 2725 passo
465 2646 581 2708 Cretico
605 2647 777 2725 confringes
800 2656 830 2708 et
850 2647 1013 2708 madefacta
1032 2649 1206 2708 conminues

194 2734 301 2814 bisque
330 2734 421 2795 addes
448 2734 544 2795 lanam
568 2734 701 2796 sucidam
725 2743 755 2796 et
778 2736 904 2813 genibus
927 2738 1086 2816 inpositam
1110 2753 1206 2815 panno

194 2831 334 2900 conteges
358 2830 388 2883 et
411 2823 544 2902 alligabis
567 2831 597 2884 et
620 2843 658 2885 ne
682 2842 773 2884 sucus
792 2831 918 2906 emanet,
941 2824 1110 2903 pelliculam
1129 2824 1204 2886 lana-

194 2918 255 2970 tam
278 2929 471 2989 superpones.
1217 2923 1242 2963 ’θ

158 3011 175 3058 4
283 2997 439 3059 Ulceribus
467 3018 589 3061 crurum
618 3008 647 3061 et
677 3000 817 3063 tibiarum
851 3001 988 3062 medetur
1019 3002 1112 3080 adeps
1145 3002 1207 3063 ursi

195 3105 263 3149 cum
285 3086 377 3147 herba
401 3087 550 3149 rubricata
575 3096 677 3169 tunsa3
700 3107 769 3150 cum
792 3088 865 3151 baec
889 3108 960 3169 ergo
979 3093 1009 3150 in
1028 3109 1124 3152 unum
1143 3109 1205 3152 cor·

194 3194 251 3255 pus
275 3176 397 3237 subacta
420 3179 559 3257 coierint,
587 3179 715 3256 inposita
739 3178 819 3240 velut
842 3178 1036 3258 emplastrum
1059 3180 1206 3258 cordigan-

159 3275 175 3323 o
196 3272 260 3346 tur,
287 3274 320 3326 ut
348 3264 399 3325 diu
423 3274 569 3326 maneant.
615 3264 720 3326 Ulcera
744 3266 898 3347 tibiarum,
926 3285 1002 3347 quae
1025 3269 1206 3330 intrinsecus

283 3471 338 3524 tie:
356 3483 468 3538 genum.

284 3545 317 3592 13
335 3539 415 3606 ligus.
492 3545 524 3593 18
542 3538 609 3594 lana
626 3540 732 3596 sucida.
804 3548 840 3596 24
856 3543 1039 3598 intrensecus.
