2609 4017
580 177 821 242 -142-

191 349 341 421 teruntur,
360 349 394 401 ut
412 339 572 420 solvantur,
596 339 704 401 deinde
721 341 882 402 mittuntur
900 341 931 401 in
951 358 1001 401 vas
1020 341 1096 401 aeris
1117 339 1194 404 rubri

191 437 281 508 atque
310 430 480 490 adiciuntur
508 437 606 490 cetera
634 437 665 491 et
693 437 863 508 coquuntur
886 428 922 489 ad
945 429 1041 490 mellis
1063 431 1197 489 crassitu-

191 518 304 599 dinem,
327 518 397 578 hinc
420 517 539 579 dabitur
561 517 608 578 bis
631 517 677 578 vel
701 526 747 578 tor
771 519 863 597 digito
883 519 996 597 lingere
1019 521 1056 598 ei,
1075 520 1123 578 cui
1142 536 1197 578 me-

191 607 322 668 dendum
346 614 399 667 est

156 709 172 758 8
281 695 325 755 Ad
344 695 509 775 synanches
528 694 694 756 molestiam
713 705 742 756 et
756 696 885 758 faucium
904 694 1036 756 dolorem
1055 693 1218 773 periculo-o

193 802 259 844 sum
278 783 382 844 efficax
402 783 585 845 medicamen
605 786 763 868 conficitur
781 784 938 863 diligenter
961 792 991 845 et
1014 782 1197 844 reconditum

192 875 223 932 in
246 873 395 952 praesidio
418 873 558 935 habetur:
593 872 653 953 lus,
676 876 707 934 in
732 892 790 952 quo
813 873 1006 934 hirundinum
1029 865 1199 952 pulli'cocti

192 961 317 1042 fuerint,
344 964 490 1042 accipitur
513 969 619 1040 tepens
642 969 673 1023 et
695 965 774 1023 intra
797 962 897 1023 fauces
920 963 1092 1022 continetur
1115 969 1199 1039 atque

156 1065 172 1112 9
191 1050 301 1128 aliquid
321 1051 391 1112 inde
409 1053 630 1112 transmittitur.
660 1051 717 1112 Sed
737 1053 896 1131 praecipue
915 1059 1018 1112 contra
1033 1049 1199 1129 synanchen

191 1139 328 1220 prodest,
356 1143 381 1200 si
408 1140 616 1201 hirundininos
643 1139 741 1218 pullos
765 1143 845 1200 vivos
873 1142 904 1200 in
927 1139 997 1200 nido
1020 1139 1150 1218 prendas
1172 1146 1233 1197 eta

192 1230 273 1288 vivos
296 1228 447 1308 incendas,
467 1236 501 1290 ut
523 1229 621 1307 pulvis
644 1247 680 1290 ex
704 1229 751 1289 his
770 1230 830 1308 hat,
852 1228 900 1289 die
918 1228 995 1288 lovis
1014 1227 1116 1288 liduna
1135 1227 1201 1288 luna

192 1325 300 1377 vetere.
334 1317 393 1377 Sed
416 1316 550 1397 observa,
573 1325 607 1378 ut
625 1319 745 1396 inpares
763 1319 793 1378 in
812 1317 881 1377 nido
900 1319 1033 1377 invenias
1043 1325 1082 1393 et
1102 1317 1201 1394 quanti

192 1406 304 1466 luerint
326 1423 443 1466 exuras.
477 1405 592 1466 Horum
615 1409 646 1466 in
666 1405 760 1467 calida
778 1424 853 1485 aqua
871 1404 1023 1485 pulverem
1042 1403 1202 1468 bibendum

192 1493 277 1554 dabis
300 1503 330 1554 et
353 1494 389 1554 de
412 1496 477 1573 ipso
501 1494 622 1574 pulvere
646 1493 739 1574 digito
763 1495 861 1555 locum
884 1494 1049 1574 synanches
1068 1492 1105 1554 ab
1123 1497 1201 1554 intro

192 1586 360 1665 continges;
382 1583 539 1644 miraberis
561 1583 736 1663 remedium,
760 1584 812 1644 sed
833 1583 933 1644 inlotis
953 1582 1089 1644 manibus
1109 1600 1201 1643 reme·
1214 1599 1234 1640 u

141 1685 173 1734 10
192 1672 274 1732 dium
297 1673 395 1732 iacies.
441 1672 562 1752 Rutam,
587 1673 691 1754 ahum,
714 1672 793 1733 laser
819 1672 936 1751 aequali
960 1689 1100 1733 mensura
1124 1673 1201 1744 trita,

192 1763 218 1821 si
245 1779 281 1820 ex
310 1763 377 1821 vino
405 1764 569 1840 gargarizet
596 1764 647 1840 qui
676 1761 845 1841 synanchen
873 1763 999 1842 patitur,
1029 1769 1146 1821 certum
1174 1768 1202 1819 et

191 1867 334 1928 praesens
357 1850 522 1910 remedium
545 1853 662 1911 sentiet.
1025 1921 1029 1927 .

140 1951 171 1998 11
280 1936 490 1998 Praecantabis
511 1940 629 1999 ieiunus
652 1941 786 2012 ieiunum
812 1947 917 1998 tenens
940 1937 1047 2018 locum,
1072 1939 1202 2015 quierit

191 2027 222 2085 in
241 2043 339 2106 causa,
363 2024 463 2104 digitis
482 2025 589 2106 tribus,
611 2027 640 2087 id
661 2034 707 2088 est
725 2026 840 2108 pollice,
860 2025 957 2088 medio
977 2035 1008 2086 et
1026 2025 1201 2105 medicinali,
1213 2041 1234 2084 u

191 2113 320 2174 residuis
349 2114 466 2175 duobus
493 2114 614 2175 elevatis
641 2115 737 2177 dices:
778 2115 834 2176 Exi
860 2115 948 2176 hodie
972 2121 1053 2195 nata,
1081 2117 1108 2174 si
1135 2123 1201 2174 ante

191 2210 271 2281 nata,
300 2205 325 2263 si
349 2202 437 2263 hodie
460 2210 572 2284 creata,
600 2206 626 2264 si
649 2213 718 2265 ante
741 2213 853 2285 creata,
876 2205 953 2265 hanc
976 2212 1104 2283 pestem,
1127 2203 1201 2264 hanc

190 2291 398 2372 pestilentiam,
417 2292 496 2353 huno
516 2292 656 2376 dolorem,
679 2293 759 2354 hunc
778 2301 934 2373 tumorem,
953 2293 1033 2353 hunc
1052 2291 1200 2372 ruborem,

190 2379 243 2440 has
266 2379 355 2463 toles,
383 2380 436 2441 has
459 2381 585 2461 tosillas,
610 2381 691 2442 hunc
714 2400 838 2462 panum,
861 2381 913 2442 bas
936 2381 1102 2462 paniculaS,
1125 2381 1200 2441 hanc

190 2476 342 2550 strumam,
365 2469 442 2530 hanc
461 2469 653 2550 strumellam,
676 2471 752 2530 hanc
770 2470 953 2550 religionem,
977 2488 1076 2550 evoco,
1095 2469 1197 2543 educo,
1211 2484 1233 2528 11

138 2571 171 2618 11
191 2566 314 2618 excanto
343 2558 379 2618 de
408 2561 474 2620 istis
502 2559 658 2639 membris,
686 2559 830 2620 medullis.
872 2559 915 2618 Ad
944 2557 1057 2620 tosillas
1082 2558 1199 2638 herbae,

191 2665 265 2725 qnae
284 2647 384 2726 lingua
402 2646 511 2708 bubula
532 2648 650 2727 dicitur,
670 2647 754 2708 radix
778 2650 856 2708 circa
876 2647 984 2707 collum
1003 2647 1123 2724 inligata
1137 2646 1199 2726 plu·

138 2737 299 2796 rotimum
328 2735 459 2814 prodest.
505 2735 630 2796 Gladioli
658 2735 761 2796 lolium
790 2735 922 2797 medium
952 2737 1080 2797 divisum
1110 2745 1138 2796 et
1169 2739 1198 2795 in

189 2823 413 2884 similitudinem
436 2842 562 2884 coronae
585 2827 616 2884 in
641 2843 673 2884 se
697 2843 842 2886 conexum
867 2843 900 2886 ac
919 2843 975 2904 pro
994 2834 1101 2904 torque
1120 2827 1197 2885 circa

137 2925 171 2972 tt
189 2911 297 2971 collum
321 2911 455 2973 habitum
478 2911 590 2972 tosillas
613 2913 705 2973 sedat.
742 2914 835 2974 Pruni
853 2913 969 2974 arboris
989 2913 1057 2974 lolia
1076 2932 1112 2973 ex
1130 2915 1195 2973 vino
1208 2927 1229 2967 aa
1278 2951 1279 2968 t

137 3013 168 3061 15
189 2999 310 3059 decocta
339 3007 369 3060 et
392 3003 572 3080 gargarizata
597 3000 710 3061 tosillas
732 3001 877 3062 molliunt.
924 3001 1013 3062 Turis
1039 3020 1146 3062 manna
1169 3010 1197 3062 et

188 3106 286 3167 myrra
308 3096 338 3149 et
361 3090 580 3149 cinnamomum
604 3097 634 3150 et
652 3088 808 3168 galbanum
828 3092 931 3170 aequis
950 3089 1133 3169 ponderibus
1152 3108 1195 3150 se·

187 3178 313 3255 paratim
340 3177 376 3237 ad
404 3176 553 3237 levitatem
581 3188 704 3240 contusa
732 3179 919 3258 cribrataque
948 3187 978 3239 et
1005 3197 1074 3240 crum
1099 3181 1195 3240 resina

260 3337 372 3404 tvasp.
427 3331 621 3398 bsynanchis.
687 3332 917 3389 therundinnm.
982 3331 1195 3402 tisynenchem.

188 3407 221 3456 10
239 3401 432 3456 hirundininos
450 3401 557 3473 pullos]
576 3402 753 3458 herundines.
827 3409 861 3457 14
879 3403 1029 3458 sinanchis.
1095 3409 1128 3458 16
1146 3402 1194 3457 tri·

186 3474 253 3526 tum.
333 3479 365 3526 17
385 3473 555 3528 sinanchem.
633 3480 667 3527 22
686 3475 802 3528 alterum
820 3474 893 3528 hanc
912 3491 962 3530 om.
1036 3479 1070 3528 24
1091 3473 1194 3544 palum.

185 3543 328 3612 panuclae.
400 3549 434 3598 27
452 3542 610 3614 inligatum.

95 3687 196 3793 Ἷ
