2609 4017
479 195 721 258 —113-

80 360 148 420 duo
170 359 258 438 digiti
276 357 366 418 medii
383 357 444 418 lino
463 356 552 417 simul
570 357 758 438 copulentur,
782 359 882 419 statim
904 359 1039 438 proderit
1058 361 1106 421 ad-

81 466 212 510 versum
240 449 378 526 pituitam
406 455 436 507 et
463 446 652 526 gravedinem
676 456 706 508 77
729 445 958 510 destillationem
980 452 1105 510 narium.

81 537 170 598 Ciuis
198 545 346 598 testarum
374 555 411 596 ex
433 538 555 615 ostreis,
582 539 665 597 siin
695 554 808 597 morem
836 535 905 598 salis
928 556 1003 616 pane
1027 537 1107 600 colli·
1127 552 1163 602 72

83 635 177 706 gatur
197 634 229 686 et
248 631 377 706 voretur,
397 627 497 686 statim
513 625 550 686 ad
563 625 773 686 removendam
787 628 975 705 gravedinem
990 631 1106 690 narium

55 716 241 796 sproderit3
264 716 346 793 porri
369 732 488 793 quoque
511 716 632 793 capitati
654 713 725 775 folia
747 717 873 798 incocta,
903 719 929 778 si
947 719 1012 778 sine
1032 736 1107 798 pane

83 804 320 884 manducentur,
338 803 500 883 plurimum
521 811 657 884 prosunt.
690 802 823 883 Corrigia
842 808 947 866 canina
965 808 1034 868 rudi
1052 825 1108 868 nec
1128 821 1161 872 73

84 912 234 972 umquam
261 900 351 952 uncta
382 891 506 971 quilibet
538 893 648 972 digitus
676 895 708 952 in
741 895 843 972 quavis
876 913 966 955 manu
1000 896 1108 975 ligatus

84 982 259 1044 remedium
283 980 502 1042 destillantibus
525 981 648 1042 naribus
671 989 810 1060 praestat.
852 982 958 1044 Oleum
981 985 1108 1046 calidum
1129 1000 1163 1048 74

84 1074 175 1134 eunti
197 1071 359 1131 dormitum
379 1073 416 1150 ei,
435 1073 488 1149 qui
501 1071 684 1149 gravidinem
702 1073 819 1131 naricum
837 1075 958 1155 patitur,
976 1077 1007 1134 in
1027 1092 1108 1135 7777-

46 1181 71 1220 ιο
85 1161 183 1222 hrum
198 1159 367 1220 infunditur
386 1168 416 1220 et
429 1161 460 1218 iu
475 1178 564 1220 aures
577 1162 747 1236 inmittitur,
761 1159 831 1220 ilico
845 1163 975 1243 prodest.
1003 1163 1110 1225 Ostrea
1130 1177 1162 1227 77

86 1253 133 1311 ita
162 1258 198 1309 ut
224 1247 300 1308 lecta
323 1257 394 1309 suut
416 1248 513 1310 adhuc
540 1251 627 1310 testis
654 1250 717 1310 suis
744 1248 844 1310 clausa
871 1253 903 1313 in
930 1251 1110 1313 carbonibus

87 1345 266 1417 coquuntur
285 1345 373 1416 atque
391 1340 432 1398 ita
451 1337 517 1398 cibo
537 1339 645 1399 dautur
665 1340 701 1419 ei,
721 1341 772 1418 qui
792 1341 974 1418 gravidinem
993 1343 1111 1402 uarium

87 1429 222 1508 patitur,
245 1436 327 1487 creta
350 1444 469 1505 quoque
488 1425 609 1487 Cimolia
629 1446 664 1486 ex
682 1436 765 1488 aceto
784 1436 870 1489 tunsa
890 1449 978 1506 quam
997 1431 1110 1491 densis-

88 1520 169 1577 sima
190 1515 283 1576 fronti
301 1517 367 1576 eius
384 1518 547 1597 inponitur,
566 1519 616 1577 cui
635 1518 755 1594 sanguis
769 1517 815 1577 vel
828 1521 934 1597 pituita
949 1518 1110 1580 descendit.

48 1626 75 1664 15
88 1605 250 1665 Masticem
281 1623 350 1665 cum
376 1607 480 1684 pipere
508 1607 629 1666 mixtam
657 1606 709 1683 qui
737 1605 789 1666 diu
814 1607 1111 1685 commanducaverit,
1131 1622 1164 1671 76

89 1694 239 1756 calefacto
267 1692 391 1754 cerebro
419 1711 536 1754 omnem
565 1712 699 1754 umorem
723 1695 839 1754 narium
864 1694 1022 1756 cohibebit.
1064 1695 1113 1754 Git
1132 1713 1165 1762 77

89 1783 227 1844 calidum
255 1790 398 1842 testatum
424 1784 456 1842 in
484 1781 603 1842 linteolo
631 1781 811 1859 conligatum
840 1793 870 1844 et
898 1802 985 1863 saepe
1009 1783 1112 1844 odora·

91 1881 162 1933 tum
177 1871 360 1949 gravidineur
375 1873 491 1932 narium
510 1881 540 1932 77
554 1873 691 1950 pituitam
706 1870 841 1954 depellit3
862 1875 978 1935 tunicae
993 1892 1112 1952 quoque

92 1962 208 2021 veteris
232 1959 394 2021 conbustae
417 1960 517 2021 sumus
540 1959 714 2039 frequenter
737 1960 859 2023 naribus
878 1963 1015 2024 admotus
1033 1963 1113 2023 idem

51 2068 78 2107 eo
93 2054 238 2128 praestat.
267 2049 404 2109 Proderit
418 2050 447 2109 ei
460 2049 632 2131 plurimum,
646 2051 699 2128 qui
713 2050 895 2130 gravidinem
910 2055 1024 2112 narium
1040 2053 1113 2130 pati·
1133 2067 1165 2116 78

94 2151 162 2218 tur,
190 2141 217 2198 si
243 2140 275 2197 in
299 2137 400 2199 charta
424 2157 455 2198 se
479 2146 619 2216 emungat
646 2156 771 2218 eamque
796 2140 943 2219 alligatam
971 2141 1112 2222 epistolae

94 2227 186 2288 modo
209 2228 241 2286 in
265 2225 417 2306 publicum
441 2225 561 2306 abiciat,
589 2235 620 2287 et
647 2229 673 2287 si
700 2229 740 2287 in
755 2231 886 2291 cinerem
910 2249 942 2290 se
965 2238 1114 2310 emungat,

96 2333 192 2394 aeque
216 2317 352 2394 proficiet
374 2316 410 2376 ad
434 2318 599 2376 sanitatem.
640 2314 737 2376 Salem
760 2325 874 2379 torreat
897 2328 927 2380 et
944 2322 975 2379 iu
994 2329 1113 2380 noctem
1133 2339 1167 2388 77

97 2405 157 2466 sibi
170 2404 207 2464 ad
222 2404 382 2465 cerebrum
394 2407 426 2464 in
441 2422 527 2465 sacco
541 2404 622 2486 liget,
641 2406 693 2483 qui
708 2407 844 2484 pituitam
858 2410 979 2487 patitur.
1005 2407 1114 2488 Gepam
1133 2428 1167 2477 80

54 2513 83 2552 ss
97 2494 199 2554 diram
213 2492 410 2554 conditorium
425 2502 579 2554 contusam
595 2512 664 2554 cum
678 2502 762 2554 aceto
781 2498 926 2556 acerrimo
942 2499 1113 2557 commisce-

96 2582 147 2643 bis
174 2590 205 2642 et
232 2581 364 2661 adpones
392 2581 516 2643 naribus
539 2585 617 2662 eius,
645 2583 695 2642 cui
719 2587 838 2660 sanguis
861 2583 939 2663 fluit,
968 2592 998 2644 et
1020 2585 1056 2644 ad
1083 2602 1114 2644 se

97 2670 223 2733 naribus
251 2670 349 2731 trahat
371 2679 402 2732 et
429 2673 515 2749 quasi
537 2670 665 2750 sorbeat,
690 2673 790 2730 statim
813 2671 942 2732 cessabit
965 2675 1062 2733 sanies
1086 2681 1117 2732 et

97 2760 199 2821 fluxus
213 2759 408 2823 inhibebitur.
438 2759 578 2820 Radicem
592 2757 734 2820 cannabis
748 2758 869 2820 brachio
889 2761 993 2821 dextro
1012 2761 1115 2841 ligat03
1135 2785 1169 2834 81

100 2851 127 2909 si
154 2858 252 2910 totum
280 2847 434 2910 brachium
463 2851 592 2910 cinxeris
621 2849 657 2909 de
686 2849 749 2926 ipsa
777 2851 890 2929 radice,
919 2851 1025 2912 melius
1050 2853 1115 2931 erit,

57 2955 86 2994 so
101 2940 148 2998 sin
175 2955 247 2998 vero
274 2947 391 3017 partem
417 2936 571 3012 habueris,
604 2937 679 2999 collo
711 2939 858 3017 suspende
887 2938 1005 3017 ligatam
1038 2941 1116 3021 licio,

100 3027 181 3106 quood
205 3029 237 3087 in
260 3026 319 3086 tela
341 3027 445 3106 luerit,
472 3034 502 3086 77
525 3035 559 3087 ut
582 3028 673 3104 scias,
697 3030 872 3104 quantavis
896 3031 936 3089 sit
958 3030 1047 3092 huius
1070 3049 1116 3090 re-

101 3115 206 3196 medii,
233 3114 286 3175 ubi
313 3115 477 3194 alligaveris
504 3115 580 3176 hanc
604 3115 747 3197 radicem,
776 3119 873 3176 statim
903 3122 1023 3198 sanguis
1050 3137 1116 3198 pcr-

173 3285 438 3342 2disiillaiionem.
520 3293 550 3346 ,6
574 3286 695 3356 corrigio
719 3286 818 3342 canino
842 3293 898 3343 1777.
994 3291 1118 3344 iuncta

103 3359 197 3412 Ptin.-
221 3356 318 3412 uinoto
343 3362 391 3412 1777
413 3357 510 3412 uincta
529 3363 588 3414 2m.
680 3365 696 3413 9
720 3357 895 3428 gravidinem
917 3363 965 3413 1777
988 3359 1117 3430 gravedi-

101 3447 168 3484 nem
186 3434 247 3485 2m.
317 3434 350 3483 13
370 3429 548 3485 ohimmoniu.
622 3434 655 3482 16
674 3430 829 3484 humorem.
901 3435 935 3484 23
954 3431 1055 3502 aeque]
1076 3448 1117 3486 ae.

102 3506 137 3554 25
156 3497 330 3555 commisces.
387 3504 423 3554 28
440 3497 616 3554 inhibebitnr
633 3501 747 3570 scripsi:
764 3499 909 3555 inhibitur.
982 3518 1119 3572 oouupem

100 3587 155 3640 pro
176 3571 318 3625 cannabis.

157 3669 317 3722 Mancnnnus,
330 3680 370 3711 nn.
384 3670 540 3712 Hlmmmcn.
943 3665 958 3714 8

1150 3714 1269 3976 ,Γ
