2609 4017
551 189 708 254 -232
755 226 794 237 -

167 353 289 413 seminis
308 351 375 412 llll
390 352 419 432 S,
438 355 551 432 piperis
569 354 648 431 nigri
667 351 729 432 Xl,
748 351 848 412 scillae
867 361 969 413 coctae
988 352 1060 413 xli.
1095 352 1182 413 Haec

166 443 264 502 omnia
292 441 474 520 colliguntur
502 461 537 503 ex
568 441 668 522 melle,
701 442 777 502 liunt
804 440 915 519 globuli
942 445 1040 523 parri,
1068 442 1185 503 dantur
1286 472 1288 491 ι

165 530 281 591 denarii
299 531 358 591 duo
377 530 424 590 vel
442 549 521 592 unrrs
540 550 595 610 pro
614 536 710 591 aetate
729 537 780 590 aut
798 530 970 590 infirmitate
984 549 1021 590 ex
1035 528 1184 611 oxymelle
1286 496 1289 548 ¹

164 617 210 678 vel
234 638 270 679 ex
293 625 377 679 aceto
401 621 493 680 mixto
517 622 548 679 in
567 618 680 700 cyathis
699 626 840 698 quattuor
858 626 910 679 aut
927 618 1034 681 trihus.
1067 619 1183 680 Eadem
1298 592 1300 705 1

164 710 246 785 potio
269 707 346 767 hene
369 709 441 769 facit
464 709 498 769 ad
523 708 702 789 hydropicos
726 725 762 767 ex
785 726 861 786 aqua
884 708 979 767 mulsa
1002 708 1082 789 data3
1108 718 1212 768 nam⁵
1297 722 1300 847 Ι

163 798 282 856 urinam
304 804 403 857 movet
425 796 596 877 plurimum,
619 815 674 875 per
697 814 785 876 quam
807 804 985 875 purgantur:

129 897 147 945 4
254 883 399 945 Lienosos
428 894 511 946 sanat
539 896 622 946 extra
651 893 751 945 cutem
777 886 940 964 inpositum
969 887 1066 963 sinapi
1095 891 1185 945 aceto

165 972 262 1051 pridie
282 981 464 1036 maceratum
483 981 513 1035 et
531 976 636 1035 tritum
656 973 769 1034 adiecta
784 973 924 1035 lenticula
938 992 975 1034 ex
988 982 1073 1034 aceto
1087 982 1185 1034 cocta.

166 1060 292 1141 Oportet
311 1070 409 1124 autem
428 1071 548 1143 aparte
567 1063 654 1124 lienis
673 1064 836 1141 inpositum
854 1061 1104 1123 medicamentum
1121 1070 1185 1122 tam

166 1150 218 1211 diu
236 1150 297 1213 illic
317 1170 392 1233 esse,
411 1152 506 1213 donec
526 1151 659 1212 dolorem
678 1153 740 1230 pati
757 1169 818 1211 non
837 1153 951 1230 possint
968 1154 1021 1229 qui
1039 1157 1228 1229 utuntur31⁰

165 1247 269 1317 postea
293 1240 367 1300 solio
390 1240 485 1301 calido
509 1240 713 1320 demittantur,
735 1240 789 1301 ubi
808 1239 910 1319 plures
929 1258 980 1299 eos
999 1242 1186 1318 contineant,

166 1328 237 1389 dum
262 1328 372 1389 desinit
395 1328 509 1409 fervor3
532 1330 642 1407 alioqui
666 1327 788 1389 exilient
812 1328 847 1388 ad
868 1331 998 1407 primum
1017 1328 1186 1407 servorem3

165 1417 260 1475 maior
288 1419 367 1477 enim
395 1418 427 1477 in
455 1426 524 1478 cute
552 1419 586 1477 fit
613 1417 698 1478 dolor
722 1418 804 1478 calda
826 1420 927 1498 tactis3
950 1426 1054 1495 postea
1078 1424 1186 1477 333313

165 1522 287 1565 3333333
312 1524 363 1565 333
386 1509 514 1585 perungi
537 1506 694 1585 oportebit.

129 1604 146 1653 t
254 1593 342 1655 Aliud
360 1593 482 1656 lienosis
501 1594 667 1656 remedium
686 1594 790 1655 eadem
809 1596 923 1655 ratione
937 1596 1117 1673 inpositum:
1139 1593 1186 1653 Si·
1201 1604 1226 1645 1⁵

144 1684 251 1762 napis
270 1683 392 1764 cyathos
415 1684 498 1764 duros,
518 1686 561 1762 git
581 1682 703 1762 cyathos
717 1684 802 1764 duos,
821 1685 965 1744 nasturcii
979 1682 1101 1761 cyathos
1118 1682 1188 1763 llll,

164 1771 347 1850 myrobalani
367 1775 487 1834 corticis
507 1772 628 1852 cyathos
647 1770 709 1854 llll,
732 1773 846 1851 piperis
865 1771 986 1851 cyathos
1003 1770 1039 1831 11.
1077 1770 1189 1849 Sinapi

82 1919 86 1929 ,
166 1859 262 1937 pridie
282 1870 365 1921 aceto
385 1864 447 1921 acri
465 1870 656 1939 maceratum,
675 1860 783 1921 deinde
802 1862 907 1921 tritum
922 1862 1055 1920 contusis
1071 1862 1189 1919 ceteris

166 1950 365 2024 permiscetur
382 1967 540 2029 pannoque
562 1949 679 2010 inlitum
699 1949 948 2009 medicamentum
967 1950 1123 2027 inponitur
1143 1949 1188 2008 la-

166 2036 286 2113 sciaque
310 2036 482 2113 longissima
505 2036 641 2117 alligatur
661 2037 708 2097 vel
726 2037 864 2116 pluribus
882 2039 912 2098 in
931 2055 1024 2098 unum
1043 2039 1187 2096 commis—
1201 2048 1228 2087 2⁰

167 2124 221 2203 sio,
250 2141 309 2201 quo
337 2124 452 2185 tardius
480 2126 618 2186 solvatur.
655 2125 719 2186 Hoc
747 2126 986 2186 efficacissimum
1013 2125 1182 2186 remedium

167 2220 213 2277 est
232 2218 262 2271 et
280 2212 442 2273 multorum
462 2232 609 2274 annorum
622 2214 746 2274 lienosis
762 2232 865 2292 omnes
880 2232 984 2275 causas
997 2213 1075 2274 tollit
1089 2221 1183 2292 atque

166 2298 321 2381 duritiam3
349 2301 401 2361 sed
429 2310 497 2381 post
521 2302 576 2363 hoc
600 2305 625 2362 si
649 2321 725 2381 quae
748 2302 891 2382 reliquiae
915 2304 1092 2383 manserint,
1119 2320 1182 2362 am·

166 2389 301 2448 moniaco
324 2388 470 2451 tollendae
495 2398 583 2451 crunt
606 2391 779 2469 frequenter
802 2390 863 2451 illic
885 2390 978 2451 inlito.
1298 2386 1300 2435 l

131 2488 147 2537 6
254 2475 419 2539 lniantibus
443 2478 565 2539 lienosis
589 2479 653 2539 dari
676 2479 827 2558 oportebit
849 2497 954 2558 aquam
982 2478 1120 2559 calidam,
1150 2480 1183 2538 in
1196 2489 1228 2530 2⁵
1299 2474 1300 2563 1

167 2582 225 2643 qua
253 2566 383 2628 candens
410 2568 523 2628 ferrum
553 2567 739 2646 demittatur,
766 2568 813 2629 vel
840 2568 885 2628 133
913 2570 1065 2646 caprinum
1091 2569 1182 2627 semi·
1299 2580 1300 2643 y

167 2663 294 2735 coetum,
317 2658 342 2715 si
366 2674 472 2734 caprae
490 2656 694 2717 tantummodo
712 2656 824 2717 hedera
842 2663 1009 2735 pascantur.
1041 2655 1184 2715 Proderit
1299 2654 1300 2665 ¹

167 2742 214 2803 his
238 2752 268 2803 et
292 2745 386 2822 sinapi
410 2748 523 2805 siccum
547 2752 706 2805 contusum
726 2755 827 2806 ceroto
847 2747 931 2806 tenui
949 2747 1074 2805 mixtum
1096 2752 1183 2803 extra

168 2838 267 2891 cutem
291 2833 463 2911 inpositum,
486 2841 525 2893 ut
543 2833 633 2893 133313
657 2832 815 2912 diligenter
837 2833 955 2912 ligetur.

132 2931 147 2977 3
256 2918 397 2997 Malagma
424 2919 460 2979 ad
487 2921 616 2981 lienosos
645 2930 676 2982 31
703 2922 739 2981 ad
766 2924 908 2983 iocineris
940 2930 1088 2982 tumorem
1121 2923 1227 2981 siczao
1299 2948 1300 3015 y

167 3005 350 3065 Ammoniaci
378 3014 478 3085 guttae
506 3009 605 3087 pondo
633 3009 659 3089 l,
688 3028 775 3070 cerae
802 3010 833 3070 P.
862 3011 888 3092 l,
918 3028 1003 3071 rosae
1030 3009 1131 3088 pondo
1160 3009 1182 3069 l.

167 3094 391 3154 Ammoniacum
415 3114 451 3155 ex
475 3107 558 3157 aceto
583 3100 691 3158 teritur
709 3101 801 3159 mixto
820 3106 1065 3180 crocomagmate,
1089 3116 1183 3177 quan·
1298 3094 1300 3099 ’

167 3190 231 3243 tum
251 3182 383 3243 colorare
403 3186 505 3262 possit.
535 3184 758 3247 Ammoniacum
773 3190 873 3266 itaque
888 3190 1005 3268 teritur,
1023 3205 1182 3266 quousque
1295 3154 1300 3197 ⁴

167 3273 231 3332 lere
254 3272 305 3331 liat
326 3281 357 3332 31
376 3271 470 3333 331113
490 3276 583 3334 crassi
602 3274 709 3335 haheat
728 3276 966 3356 spissitudinem3
988 3283 1093 3355 postea
1112 3293 1182 3336 3333

258 3482 291 3531 26
307 3477 472 3532 demittatur
485 3480 597 3547 scriptia
611 3480 771 3533 dimittatur
785 3481 947 3536 Carnarius.
1006 3487 1040 3536 33
1056 3482 1184 3537 colorare

167 3546 259 3619 possit
278 3549 492 3615 ammoniacum,
512 3548 587 3616 quod
606 3550 707 3604 teritur
725 3551 849 3607 Scribere.

17 3716 129 3979 'i
