<?xml version="1.0" encoding="UTF-8"?>
<!DOCTYPE html PUBLIC "-//W3C//DTD XHTML 1.0 Transitional//EN"
    "http://www.w3.org/TR/xhtml1/DTD/xhtml1-transitional.dtd">
<html xmlns="http://www.w3.org/1999/xhtml" xml:lang="en" lang="en">
 <head>
  <title>
</title>
<meta http-equiv="Content-Type" content="text/html;charset=utf-8" />
  <meta name='ocr-system' content='tesseract 3.04.00' />
  <meta name='ocr-capabilities' content='ocr_page ocr_carea ocr_par ocr_line ocrx_word'/>
</head>
<body>
  <div class='ocr_page' id='page_1' title='image "./marcellidemedic03helmgoog_0235.png"; bbox 0 0 2609 4017; ppageno 0'>
   <div class='ocr_carea' id='block_1_1' title="bbox 466 216 705 280">
    <p class='ocr_par' dir='ltr' id='par_1_1' title="bbox 466 216 705 280">
     <span class='ocr_line' id='line_1_1' title="bbox 466 216 705 280; baseline -0.004 0"><span class='ocrx_word' id='word_1_1' title='bbox 466 216 705 280; x_wconf 83' lang='lat'><strong>-223—</strong></span> 
     </span>
    </p>
   </div>
   <div class='ocr_carea' id='block_1_2' title="bbox 57 377 1127 819">
    <p class='ocr_par' dir='ltr' id='par_1_2' title="bbox 57 377 1127 819">
     <span class='ocr_line' id='line_1_2' title="bbox 83 377 1093 460; baseline 0.004 -23"><span class='ocrx_word' id='word_1_2' title='bbox 83 392 115 437; x_wconf 84' lang='lat' dir='ltr'>ex</span> <span class='ocrx_word' id='word_1_3' title='bbox 143 396 176 437; x_wconf 90' lang='lat' dir='ltr'>ea</span> <span class='ocrx_word' id='word_1_4' title='bbox 203 379 309 438; x_wconf 88' lang='lat' dir='ltr'>ieiuno</span> <span class='ocrx_word' id='word_1_5' title='bbox 336 380 367 438; x_wconf 90' lang='lat' dir='ltr'>iu</span> <span class='ocrx_word' id='word_1_6' title='bbox 396 378 497 439; x_wconf 90' lang='lat' dir='ltr'>dolore</span> <span class='ocrx_word' id='word_1_7' title='bbox 528 377 686 439; x_wconf 81' lang='lat' dir='ltr'>bibendam</span> <span class='ocrx_word' id='word_1_8' title='bbox 719 378 803 439; x_wconf 93' lang='lat' dir='ltr'>dabis</span> <span class='ocrx_word' id='word_1_9' title='bbox 835 378 925 458; x_wconf 90' lang='lat' dir='ltr'>idque</span> <span class='ocrx_word' id='word_1_10' title='bbox 958 398 1012 460; x_wconf 91' lang='lat' dir='ltr'>per</span> <span class='ocrx_word' id='word_1_11' title='bbox 1041 382 1093 441; x_wconf 91' lang='lat' dir='ltr'>tri·</span> 
     </span>
     <span class='ocr_line' id='line_1_3' title="bbox 81 467 296 527; baseline -0.005 0"><span class='ocrx_word' id='word_1_12' title='bbox 81 467 168 527; x_wconf 90' lang='lat' dir='ltr'>duum</span> <span class='ocrx_word' id='word_1_13' title='bbox 192 467 296 527; x_wconf 84' lang='lat' dir='ltr'>iacies.</span> 
     </span>
     <span class='ocr_line' id='line_1_4' title="bbox 163 555 1127 644; baseline 0.003 -29"><span class='ocrx_word' id='word_1_14' title='bbox 163 555 208 615; x_wconf 83' lang='lat' dir='ltr'>Ad</span> <span class='ocrx_word' id='word_1_15' title='bbox 233 563 353 615; x_wconf 88' lang='lat' dir='ltr'>veteres</span> <span class='ocrx_word' id='word_1_16' title='bbox 376 557 517 616; x_wconf 85' lang='lat' dir='ltr'>iocineris</span> <span class='ocrx_word' id='word_1_17' title='bbox 539 555 658 616; x_wconf 87' lang='lat' dir='ltr'>dolores</span> <span class='ocrx_word' id='word_1_18' title='bbox 681 557 763 644; x_wconf 73' lang='lat' dir='ltr'>potio</span> <span class='ocrx_word' id='word_1_19' title='bbox 786 558 896 634; x_wconf 87' lang='lat' dir='ltr'>optima</span> <span class='ocrx_word' id='word_1_20' title='bbox 920 559 977 617; x_wconf 89' lang='lat' dir='ltr'>sie:</span> <span class='ocrx_word' id='word_1_21' title='bbox 1002 556 1127 619; x_wconf 83' lang='lat' dir='ltr'>Nardio</span> 
     </span>
     <span class='ocr_line' id='line_1_5' title="bbox 81 636 1093 731; baseline 0.002 -28"><span class='ocrx_word' id='word_1_22' title='bbox 81 646 175 721; x_wconf 82' lang='lat' dir='ltr'>spicae</span> <span class='ocrx_word' id='word_1_23' title='bbox 195 636 237 730; x_wconf 55' lang='lat'>3·</span> <span class='ocrx_word' id='word_1_24' title='bbox 257 642 333 723; x_wconf 90' lang='lat' dir='ltr'>Vlll,</span> <span class='ocrx_word' id='word_1_25' title='bbox 357 647 437 705; x_wconf 90' lang='lat' dir='ltr'>croci</span> <span class='ocrx_word' id='word_1_26' title='bbox 456 637 495 730; x_wconf 49' lang='grc' dir='ltr'>β</span> <span class='ocrx_word' id='word_1_27' title='bbox 514 643 550 725; x_wconf 93' lang='lat' dir='ltr'>ll,</span> <span class='ocrx_word' id='word_1_28' title='bbox 573 662 690 724; x_wconf 87' lang='lat' dir='ltr'>myrrae</span> <span class='ocrx_word' id='word_1_29' title='bbox 710 637 750 730; x_wconf 65' lang='grc'>,9-</span> <span class='ocrx_word' id='word_1_30' title='bbox 768 644 818 725; x_wconf 94' lang='lat' dir='ltr'>lll,</span> <span class='ocrx_word' id='word_1_31' title='bbox 842 648 938 707; x_wconf 88' lang='lat' dir='ltr'>casiae</span> <span class='ocrx_word' id='word_1_32' title='bbox 960 638 1000 731; x_wconf 40' lang='grc' dir='ltr'><em>ᾖ</em></span> <span class='ocrx_word' id='word_1_33' title='bbox 1020 644 1093 727; x_wconf 86' lang='lat' dir='ltr'>Vlll,</span> 
     </span>
     <span class='ocr_line' id='line_1_6' title="bbox 57 726 1093 819; baseline 0.008 -32"><span class='ocrx_word' id='word_1_34' title='bbox 57 732 198 793; x_wconf 78' lang='lat' dir='ltr'>aschoeni</span> <span class='ocrx_word' id='word_1_35' title='bbox 219 726 261 819; x_wconf 64' lang='lat'>,91</span> <span class='ocrx_word' id='word_1_36' title='bbox 277 732 351 793; x_wconf 88' lang='lat' dir='ltr'>Vlll.</span> <span class='ocrx_word' id='word_1_37' title='bbox 386 733 491 793; x_wconf 89' lang='lat' dir='ltr'>Omnia</span> <span class='ocrx_word' id='word_1_38' title='bbox 509 735 579 794; x_wconf 90' lang='lat' dir='ltr'>trita</span> <span class='ocrx_word' id='word_1_39' title='bbox 598 741 629 793; x_wconf 86' lang='lat' dir='ltr'>et</span> <span class='ocrx_word' id='word_1_40' title='bbox 647 733 769 793; x_wconf 91' lang='lat' dir='ltr'>criblata</span> <span class='ocrx_word' id='word_1_41' title='bbox 789 733 875 794; x_wconf 88' lang='lat' dir='ltr'>melle</span> <span class='ocrx_word' id='word_1_42' title='bbox 893 737 1005 813; x_wconf 88' lang='lat' dir='ltr'>optimo</span> <span class='ocrx_word' id='word_1_43' title='bbox 1024 753 1093 795; x_wconf 89' lang='lat' dir='ltr'>oon·</span> 
     </span>
    </p>
   </div>
   <div class='ocr_carea' id='block_1_3' title="bbox 45 815 1147 3386">
    <p class='ocr_par' dir='ltr' id='par_1_3' title="bbox 79 815 1093 992">
     <span class='ocr_line' id='line_1_7' title="bbox 79 815 1093 908; baseline 0.003 -27"><span class='ocrx_word' id='word_1_44' title='bbox 79 821 247 898; x_wconf 88' lang='lat' dir='ltr'>prebendes</span> <span class='ocrx_word' id='word_1_45' title='bbox 267 829 299 882; x_wconf 89' lang='lat' dir='ltr'>et</span> <span class='ocrx_word' id='word_1_46' title='bbox 317 821 401 882; x_wconf 93' lang='lat' dir='ltr'>dabis</span> <span class='ocrx_word' id='word_1_47' title='bbox 415 823 515 882; x_wconf 88' lang='lat' dir='ltr'>ieiuno</span> <span class='ocrx_word' id='word_1_48' title='bbox 530 824 561 882; x_wconf 93' lang='lat' dir='ltr'>in</span> <span class='ocrx_word' id='word_1_49' title='bbox 576 824 697 901; x_wconf 90' lang='lat' dir='ltr'>potione</span> <span class='ocrx_word' id='word_1_50' title='bbox 713 815 752 908; x_wconf 49' lang='grc' dir='ltr'>β</span> <span class='ocrx_word' id='word_1_51' title='bbox 767 821 808 882; x_wconf 85' lang='grc' dir='ltr'>ΙΙΙ</span> <span class='ocrx_word' id='word_1_52' title='bbox 821 840 857 883; x_wconf 85' lang='lat' dir='ltr'>ex</span> <span class='ocrx_word' id='word_1_53' title='bbox 872 842 965 903; x_wconf 87' lang='lat' dir='ltr'>aquae</span> <span class='ocrx_word' id='word_1_54' title='bbox 980 823 1093 884; x_wconf 90' lang='lat' dir='ltr'>mulsae</span> 
     </span>
     <span class='ocr_line' id='line_1_8' title="bbox 79 909 750 992; baseline 0.004 -24"><span class='ocrx_word' id='word_1_55' title='bbox 79 910 187 989; x_wconf 81' lang='lat' dir='ltr'><strong>cyathis</strong></span> <span class='ocrx_word' id='word_1_56' title='bbox 212 909 279 992; x_wconf 95' lang='lat' dir='ltr'>llll,</span> <span class='ocrx_word' id='word_1_57' title='bbox 303 928 460 990; x_wconf 83' lang='lat' dir='ltr'>quousque</span> <span class='ocrx_word' id='word_1_58' title='bbox 483 912 587 971; x_wconf 84' lang='lat' dir='ltr'>vitium</span> <span class='ocrx_word' id='word_1_59' title='bbox 611 913 750 989; x_wconf 84' lang='lat' dir='ltr'>extirpes.</span> 
     </span>
    </p>

    <p class='ocr_par' dir='ltr' id='par_1_4' title="bbox 78 997 1127 1170">
     <span class='ocr_line' id='line_1_9' title="bbox 163 997 1127 1079; baseline 0.004 -21"><span class='ocrx_word' id='word_1_60' title='bbox 163 997 207 1059; x_wconf 81' lang='lat' dir='ltr'>bd</span> <span class='ocrx_word' id='word_1_61' title='bbox 229 1008 381 1060; x_wconf 84' lang='lat' dir='ltr'>tumorem</span> <span class='ocrx_word' id='word_1_62' title='bbox 398 1001 540 1060; x_wconf 88' lang='lat' dir='ltr'>iocineris</span> <span class='ocrx_word' id='word_1_63' title='bbox 559 999 642 1060; x_wconf 88' lang='lat' dir='ltr'>etad</span> <span class='ocrx_word' id='word_1_64' title='bbox 662 999 842 1079; x_wconf 91' lang='lat' dir='ltr'>dyspnoeam</span> <span class='ocrx_word' id='word_1_65' title='bbox 857 1000 1021 1061; x_wconf 91' lang='lat' dir='ltr'>remedium</span> <span class='ocrx_word' id='word_1_66' title='bbox 1035 1003 1092 1062; x_wconf 91' lang='lat' dir='ltr'>sic:</span> <span class='ocrx_word' id='word_1_67' title='bbox 1111 1013 1127 1062; x_wconf 80' lang='lat'>&#39;1</span> 
     </span>
     <span class='ocr_line' id='line_1_10' title="bbox 78 1085 1093 1170; baseline 0.004 -24"><span class='ocrx_word' id='word_1_68' title='bbox 78 1085 262 1168; x_wconf 91' lang='lat' dir='ltr'>Petrosilini,</span> <span class='ocrx_word' id='word_1_69' title='bbox 290 1090 379 1170; x_wconf 90' lang='lat' dir='ltr'>costi,</span> <span class='ocrx_word' id='word_1_70' title='bbox 402 1088 601 1168; x_wconf 78' lang='lat' dir='ltr'><strong>chamaepitys</strong></span> <span class='ocrx_word' id='word_1_71' title='bbox 625 1106 718 1168; x_wconf 90' lang='lat' dir='ltr'>aequa</span> <span class='ocrx_word' id='word_1_72' title='bbox 741 1088 872 1168; x_wconf 91' lang='lat' dir='ltr'>pondera</span> <span class='ocrx_word' id='word_1_73' title='bbox 896 1089 1013 1170; x_wconf 87' lang='lat' dir='ltr'>tondes,</span> <span class='ocrx_word' id='word_1_74' title='bbox 1037 1092 1093 1151; x_wconf 91' lang='lat' dir='ltr'>cri·</span> 
     </span>
    </p>

    <p class='ocr_par' dir='ltr' id='par_1_5' title="bbox 45 1174 1128 1611">
     <span class='ocr_line' id='line_1_11' title="bbox 45 1174 1093 1257; baseline 0.004 -23"><span class='ocrx_word' id='word_1_75' title='bbox 45 1190 67 1227; x_wconf 88' lang='lat'>10</span> <span class='ocrx_word' id='word_1_76' title='bbox 79 1174 168 1236; x_wconf 92' lang='lat' dir='ltr'>blabis</span> <span class='ocrx_word' id='word_1_77' title='bbox 187 1183 219 1237; x_wconf 93' lang='lat' dir='ltr'>et</span> <span class='ocrx_word' id='word_1_78' title='bbox 239 1176 326 1238; x_wconf 91' lang='lat' dir='ltr'>dabis</span> <span class='ocrx_word' id='word_1_79' title='bbox 344 1178 445 1238; x_wconf 91' lang='lat' dir='ltr'>ieiuno</span> <span class='ocrx_word' id='word_1_80' title='bbox 460 1180 574 1257; x_wconf 88' lang='lat' dir='ltr'>epatico</span> <span class='ocrx_word' id='word_1_81' title='bbox 589 1176 648 1237; x_wconf 89' lang='lat' dir='ltr'>duo</span> <span class='ocrx_word' id='word_1_82' title='bbox 664 1177 802 1238; x_wconf 92' lang='lat' dir='ltr'>cocliaria</span> <span class='ocrx_word' id='word_1_83' title='bbox 816 1195 884 1238; x_wconf 91' lang='lat' dir='ltr'>cum</span> <span class='ocrx_word' id='word_1_84' title='bbox 900 1196 974 1257; x_wconf 84' lang='lat' dir='ltr'>aqua</span> <span class='ocrx_word' id='word_1_85' title='bbox 988 1177 1093 1239; x_wconf 91' lang='lat' dir='ltr'>mulsa.</span> 
     </span>
     <span class='ocr_line' id='line_1_12' title="bbox 78 1262 1128 1348; baseline 0.006 -26"><span class='ocrx_word' id='word_1_86' title='bbox 78 1262 282 1348; x_wconf 78' lang='lat' dir='ltr'>Melambium,</span> <span class='ocrx_word' id='word_1_87' title='bbox 301 1266 331 1325; x_wconf 91' lang='lat' dir='ltr'>id</span> <span class='ocrx_word' id='word_1_88' title='bbox 351 1273 397 1327; x_wconf 89' lang='lat' dir='ltr'>est</span> <span class='ocrx_word' id='word_1_89' title='bbox 413 1268 465 1345; x_wconf 87' lang='lat' dir='ltr'>git,</span> <span class='ocrx_word' id='word_1_90' title='bbox 483 1274 627 1345; x_wconf 91' lang='lat' dir='ltr'>quantum</span> <span class='ocrx_word' id='word_1_91' title='bbox 646 1265 780 1326; x_wconf 87' lang='lat' dir='ltr'>cocleare</span> <span class='ocrx_word' id='word_1_92' title='bbox 799 1268 953 1348; x_wconf 79' lang='lat' dir='ltr'>recipitur,</span> <span class='ocrx_word' id='word_1_93' title='bbox 971 1274 1092 1327; x_wconf 89' lang='lat' dir='ltr'>contere</span> <span class='ocrx_word' id='word_1_94' title='bbox 1111 1280 1128 1329; x_wconf 86' lang='lat'>8</span> 
     </span>
     <span class='ocr_line' id='line_1_13' title="bbox 80 1353 1099 1434; baseline 0.005 -23"><span class='ocrx_word' id='word_1_95' title='bbox 80 1360 107 1411; x_wconf 87' lang='lat' dir='ltr'>et</span> <span class='ocrx_word' id='word_1_96' title='bbox 133 1353 169 1413; x_wconf 88' lang='lat' dir='ltr'>da</span> <span class='ocrx_word' id='word_1_97' title='bbox 197 1373 272 1415; x_wconf 89' lang='lat' dir='ltr'>cum</span> <span class='ocrx_word' id='word_1_98' title='bbox 301 1356 368 1414; x_wconf 88' lang='lat' dir='ltr'>rino</span> <span class='ocrx_word' id='word_1_99' title='bbox 396 1354 497 1433; x_wconf 85' lang='lat' dir='ltr'>tepido</span> <span class='ocrx_word' id='word_1_100' title='bbox 529 1353 610 1414; x_wconf 88' lang='lat' dir='ltr'>dulci</span> <span class='ocrx_word' id='word_1_101' title='bbox 641 1354 802 1415; x_wconf 89' lang='lat' dir='ltr'>hibendum</span> <span class='ocrx_word' id='word_1_102' title='bbox 834 1357 935 1416; x_wconf 89' lang='lat' dir='ltr'>ieiuno</span> <span class='ocrx_word' id='word_1_103' title='bbox 968 1354 1099 1434; x_wconf 77' lang='lat' dir='ltr'>epatico.&#39;</span> 
     </span>
     <span class='ocr_line' id='line_1_14' title="bbox 79 1439 1127 1505; baseline 0.006 -6"><span class='ocrx_word' id='word_1_104' title='bbox 79 1439 205 1503; x_wconf 90' lang='lat' dir='ltr'>Nimium</span> <span class='ocrx_word' id='word_1_105' title='bbox 231 1442 386 1504; x_wconf 91' lang='lat' dir='ltr'>laudatum</span> <span class='ocrx_word' id='word_1_106' title='bbox 409 1444 584 1504; x_wconf 88' lang='lat' dir='ltr'>iocinerosis</span> <span class='ocrx_word' id='word_1_107' title='bbox 602 1443 766 1504; x_wconf 89' lang='lat' dir='ltr'>remedium</span> <span class='ocrx_word' id='word_1_108' title='bbox 789 1446 852 1505; x_wconf 68' lang='lat' dir='ltr'>sica</span> <span class='ocrx_word' id='word_1_109' title='bbox 867 1444 968 1505; x_wconf 89' lang='lat' dir='ltr'>Pieem</span> <span class='ocrx_word' id='word_1_110' title='bbox 988 1444 1092 1505; x_wconf 90' lang='lat' dir='ltr'>duram</span> <span class='ocrx_word' id='word_1_111' title='bbox 1111 1457 1127 1505; x_wconf 84' lang='lat'><strong>9</strong></span> 
     </span>
     <span class='ocr_line' id='line_1_15' title="bbox 81 1531 1092 1611; baseline 0.003 -23"><span class='ocrx_word' id='word_1_112' title='bbox 81 1538 198 1591; x_wconf 90' lang='lat' dir='ltr'>contere</span> <span class='ocrx_word' id='word_1_113' title='bbox 218 1540 250 1593; x_wconf 91' lang='lat' dir='ltr'>et</span> <span class='ocrx_word' id='word_1_114' title='bbox 271 1550 308 1593; x_wconf 86' lang='lat' dir='ltr'>ex</span> <span class='ocrx_word' id='word_1_115' title='bbox 328 1550 361 1593; x_wconf 93' lang='lat' dir='ltr'>ea</span> <span class='ocrx_word' id='word_1_116' title='bbox 380 1531 417 1592; x_wconf 94' lang='lat' dir='ltr'>da</span> <span class='ocrx_word' id='word_1_117' title='bbox 430 1532 593 1611; x_wconf 90' lang='lat' dir='ltr'>potandum</span> <span class='ocrx_word' id='word_1_118' title='bbox 607 1533 708 1592; x_wconf 89' lang='lat' dir='ltr'>ieiuno</span> <span class='ocrx_word' id='word_1_119' title='bbox 723 1534 836 1611; x_wconf 88' lang='lat' dir='ltr'>epatioo</span> <span class='ocrx_word' id='word_1_120' title='bbox 852 1532 985 1593; x_wconf 88' lang='lat' dir='ltr'>cocleare</span> <span class='ocrx_word' id='word_1_121' title='bbox 999 1550 1092 1592; x_wconf 91' lang='lat' dir='ltr'>unum</span> 
     </span>
    </p>

    <p class='ocr_par' dir='ltr' id='par_1_6' title="bbox 46 1619 1147 1961">
     <span class='ocr_line' id='line_1_16' title="bbox 46 1619 1147 1699; baseline 0.005 -21"><span class='ocrx_word' id='word_1_122' title='bbox 46 1630 68 1670; x_wconf 78' lang='lat'>1⁵</span> <span class='ocrx_word' id='word_1_123' title='bbox 80 1636 143 1679; x_wconf 88' lang='lat' dir='ltr'>cum</span> <span class='ocrx_word' id='word_1_124' title='bbox 167 1623 237 1680; x_wconf 86' lang='lat' dir='ltr'>vino</span> <span class='ocrx_word' id='word_1_125' title='bbox 258 1627 389 1681; x_wconf 90' lang='lat' dir='ltr'>austero.</span> <span class='ocrx_word' id='word_1_126' title='bbox 425 1619 459 1680; x_wconf 93' lang='lat' dir='ltr'>ln</span> <span class='ocrx_word' id='word_1_127' title='bbox 482 1620 589 1680; x_wconf 89' lang='lat' dir='ltr'>lamina</span> <span class='ocrx_word' id='word_1_128' title='bbox 609 1632 729 1699; x_wconf 88' lang='lat' dir='ltr'>stagnea</span> <span class='ocrx_word' id='word_1_129' title='bbox 748 1620 860 1681; x_wconf 70' lang='lat' dir='ltr'>scribet</span> <span class='ocrx_word' id='word_1_130' title='bbox 883 1620 926 1680; x_wconf 91' lang='lat' dir='ltr'>lte</span> <span class='ocrx_word' id='word_1_131' title='bbox 944 1622 1097 1681; x_wconf 75' lang='grc' dir='ltr'><strong><em>ΝΕΡΩΝ</em></strong></span> <span class='ocrx_word' id='word_1_132' title='bbox 1114 1634 1147 1683; x_wconf 86' lang='grc'>10</span> 
     </span>
     <span class='ocr_line' id='line_1_17' title="bbox 80 1707 1093 1791; baseline 0.002 -26"><span class='ocrx_word' id='word_1_133' title='bbox 80 1715 107 1765; x_wconf 91' lang='lat' dir='ltr'>et</span> <span class='ocrx_word' id='word_1_134' title='bbox 124 1707 258 1789; x_wconf 80' lang='lat' dir='ltr'>desuper</span> <span class='ocrx_word' id='word_1_135' title='bbox 277 1727 386 1769; x_wconf 90' lang='lat' dir='ltr'>nomen</span> <span class='ocrx_word' id='word_1_136' title='bbox 405 1711 470 1769; x_wconf 91' lang='lat' dir='ltr'>eius</span> <span class='ocrx_word' id='word_1_137' title='bbox 488 1710 657 1791; x_wconf 89' lang='lat' dir='ltr'>iocinerosi,</span> <span class='ocrx_word' id='word_1_138' title='bbox 676 1710 726 1769; x_wconf 91' lang='lat' dir='ltr'>cui</span> <span class='ocrx_word' id='word_1_139' title='bbox 743 1708 857 1768; x_wconf 88' lang='lat' dir='ltr'>mederi</span> <span class='ocrx_word' id='word_1_140' title='bbox 871 1708 960 1788; x_wconf 84' lang='lat' dir='ltr'>voles,</span> <span class='ocrx_word' id='word_1_141' title='bbox 981 1707 1093 1788; x_wconf 70' lang='lat' dir='ltr'>scribe,</span> 
     </span>
     <span class='ocr_line' id='line_1_18' title="bbox 80 1794 1093 1877; baseline 0.002 -24"><span class='ocrx_word' id='word_1_142' title='bbox 80 1794 214 1857; x_wconf 91' lang='lat' dir='ltr'>laminam</span> <span class='ocrx_word' id='word_1_143' title='bbox 240 1817 311 1859; x_wconf 88' lang='lat' dir='ltr'>vero</span> <span class='ocrx_word' id='word_1_144' title='bbox 335 1797 404 1858; x_wconf 90' lang='lat' dir='ltr'>licio</span> <span class='ocrx_word' id='word_1_145' title='bbox 426 1798 546 1876; x_wconf 88' lang='lat' dir='ltr'>ligatam</span> <span class='ocrx_word' id='word_1_146' title='bbox 569 1796 643 1858; x_wconf 89' lang='lat' dir='ltr'>collo</span> <span class='ocrx_word' id='word_1_147' title='bbox 671 1800 736 1857; x_wconf 90' lang='lat' dir='ltr'>eius</span> <span class='ocrx_word' id='word_1_148' title='bbox 759 1797 924 1877; x_wconf 88' lang='lat' dir='ltr'>suspendes</span> <span class='ocrx_word' id='word_1_149' title='bbox 950 1796 1093 1858; x_wconf 81' lang='lat' dir='ltr'>mundus·</span> 
     </span>
     <span class='ocr_line' id='line_1_19' title="bbox 81 1886 313 1961; baseline 0.017 -18"><span class='ocrx_word' id='word_1_150' title='bbox 81 1901 134 1961; x_wconf 90' lang='lat' dir='ltr'>que</span> <span class='ocrx_word' id='word_1_151' title='bbox 156 1886 187 1946; x_wconf 96' lang='lat' dir='ltr'>id</span> <span class='ocrx_word' id='word_1_152' title='bbox 211 1888 313 1948; x_wconf 83' lang='lat' dir='ltr'>facito.</span> 
     </span>
    </p>

    <p class='ocr_par' dir='ltr' id='par_1_7' title="bbox 163 1974 1147 2057">
     <span class='ocr_line' id='line_1_20' title="bbox 163 1974 1147 2057; baseline 0.003 -24"><span class='ocrx_word' id='word_1_153' title='bbox 163 1974 311 2036; x_wconf 75' lang='lat' dir='ltr'>Absinthi</span> <span class='ocrx_word' id='word_1_154' title='bbox 335 1974 452 2055; x_wconf 84' lang='lat' dir='ltr'>dorem,</span> <span class='ocrx_word' id='word_1_155' title='bbox 476 1976 599 2056; x_wconf 90' lang='lat' dir='ltr'>casiam,</span> <span class='ocrx_word' id='word_1_156' title='bbox 623 1993 758 2054; x_wconf 85' lang='lat' dir='ltr'>crocum,</span> <span class='ocrx_word' id='word_1_157' title='bbox 780 1974 866 2035; x_wconf 92' lang='lat' dir='ltr'>nardi</span> <span class='ocrx_word' id='word_1_158' title='bbox 890 1976 1010 2057; x_wconf 91' lang='lat' dir='ltr'>spicam,</span> <span class='ocrx_word' id='word_1_159' title='bbox 1033 1992 1095 2035; x_wconf 93' lang='lat' dir='ltr'>asa·</span> <span class='ocrx_word' id='word_1_160' title='bbox 1115 1989 1147 2036; x_wconf 90' lang='lat'>11</span> 
     </span>
    </p>

    <p class='ocr_par' dir='ltr' id='par_1_8' title="bbox 53 2063 1096 2499">
     <span class='ocr_line' id='line_1_21' title="bbox 53 2063 1096 2146; baseline 0.007 -28"><span class='ocrx_word' id='word_1_161' title='bbox 53 2073 75 2113; x_wconf 83' lang='lat'>20</span> <span class='ocrx_word' id='word_1_162' title='bbox 87 2077 159 2142; x_wconf 90' lang='lat' dir='ltr'>rum,</span> <span class='ocrx_word' id='word_1_163' title='bbox 179 2064 307 2125; x_wconf 83' lang='lat' dir='ltr'>schoeni</span> <span class='ocrx_word' id='word_1_164' title='bbox 324 2063 437 2146; x_wconf 88' lang='lat' dir='ltr'>llorem,</span> <span class='ocrx_word' id='word_1_165' title='bbox 456 2063 568 2144; x_wconf 84' lang='lat' dir='ltr'>solium,</span> <span class='ocrx_word' id='word_1_166' title='bbox 587 2066 749 2142; x_wconf 80' lang='lat' dir='ltr'>masticem,</span> <span class='ocrx_word' id='word_1_167' title='bbox 763 2063 1004 2145; x_wconf 79' lang='lat' dir='ltr'>xylobalsamum,</span> <span class='ocrx_word' id='word_1_168' title='bbox 1017 2082 1096 2125; x_wconf 89' lang='lat' dir='ltr'>amo·</span> 
     </span>
     <span class='ocr_line' id='line_1_22' title="bbox 83 2150 1095 2233; baseline 0.007 -26"><span class='ocrx_word' id='word_1_169' title='bbox 83 2165 169 2233; x_wconf 92' lang='lat' dir='ltr'>mum,</span> <span class='ocrx_word' id='word_1_170' title='bbox 183 2155 357 2214; x_wconf 88' lang='lat' dir='ltr'>cinnamum</span> <span class='ocrx_word' id='word_1_171' title='bbox 372 2151 407 2213; x_wconf 90' lang='lat' dir='ltr'>ad</span> <span class='ocrx_word' id='word_1_172' title='bbox 423 2151 558 2231; x_wconf 84' lang='lat' dir='ltr'>dragmas</span> <span class='ocrx_word' id='word_1_173' title='bbox 574 2160 720 2232; x_wconf 89' lang='lat' dir='ltr'>septenas,</span> <span class='ocrx_word' id='word_1_174' title='bbox 735 2152 814 2213; x_wconf 89' lang='lat' dir='ltr'>aloes</span> <span class='ocrx_word' id='word_1_175' title='bbox 828 2153 946 2214; x_wconf 90' lang='lat' dir='ltr'>Indicae</span> <span class='ocrx_word' id='word_1_176' title='bbox 956 2150 1035 2232; x_wconf 75' lang='lat' dir='ltr'>drag.</span> <span class='ocrx_word' id='word_1_177' title='bbox 1046 2150 1095 2214; x_wconf 92' lang='lat' dir='ltr'>Vl:</span> 
     </span>
     <span class='ocr_line' id='line_1_23' title="bbox 85 2238 1096 2321; baseline 0.006 -25"><span class='ocrx_word' id='word_1_178' title='bbox 85 2238 187 2301; x_wconf 85' lang='lat' dir='ltr'>tundes</span> <span class='ocrx_word' id='word_1_179' title='bbox 216 2250 248 2303; x_wconf 90' lang='lat' dir='ltr'>et</span> <span class='ocrx_word' id='word_1_180' title='bbox 277 2240 422 2302; x_wconf 88' lang='lat' dir='ltr'>cribrabis</span> <span class='ocrx_word' id='word_1_181' title='bbox 449 2241 564 2320; x_wconf 88' lang='lat' dir='ltr'>singula</span> <span class='ocrx_word' id='word_1_182' title='bbox 588 2244 746 2321; x_wconf 89' lang='lat' dir='ltr'>separatim</span> <span class='ocrx_word' id='word_1_183' title='bbox 771 2242 932 2321; x_wconf 89' lang='lat' dir='ltr'>eademque</span> <span class='ocrx_word' id='word_1_184' title='bbox 954 2241 1096 2302; x_wconf 87' lang='lat' dir='ltr'>miscebis</span> 
     </span>
     <span class='ocr_line' id='line_1_24' title="bbox 84 2329 1094 2409; baseline 0.007 -26"><span class='ocrx_word' id='word_1_185' title='bbox 84 2333 168 2405; x_wconf 92' lang='lat' dir='ltr'>atque</span> <span class='ocrx_word' id='word_1_186' title='bbox 191 2331 263 2392; x_wconf 90' lang='lat' dir='ltr'>iude</span> <span class='ocrx_word' id='word_1_187' title='bbox 288 2329 425 2391; x_wconf 91' lang='lat' dir='ltr'>cocliaria</span> <span class='ocrx_word' id='word_1_188' title='bbox 448 2329 517 2391; x_wconf 92' lang='lat' dir='ltr'>bina</span> <span class='ocrx_word' id='word_1_189' title='bbox 546 2332 646 2390; x_wconf 91' lang='lat' dir='ltr'>ieiuno</span> <span class='ocrx_word' id='word_1_190' title='bbox 670 2332 787 2409; x_wconf 89' lang='lat' dir='ltr'>epatioo</span> <span class='ocrx_word' id='word_1_191' title='bbox 810 2349 879 2391; x_wconf 92' lang='lat' dir='ltr'>enm</span> <span class='ocrx_word' id='word_1_192' title='bbox 901 2330 996 2391; x_wconf 91' lang='lat' dir='ltr'>mulsa</span> <span class='ocrx_word' id='word_1_193' title='bbox 1020 2348 1094 2409; x_wconf 90' lang='lat' dir='ltr'>aqua</span> 
     </span>
     <span class='ocr_line' id='line_1_25' title="bbox 84 2417 1095 2499; baseline 0.004 -26"><span class='ocrx_word' id='word_1_194' title='bbox 84 2417 179 2493; x_wconf 89' lang='lat' dir='ltr'>tepida</span> <span class='ocrx_word' id='word_1_195' title='bbox 199 2427 253 2481; x_wconf 90' lang='lat' dir='ltr'>aut</span> <span class='ocrx_word' id='word_1_196' title='bbox 272 2420 340 2478; x_wconf 84' lang='lat' dir='ltr'>vino</span> <span class='ocrx_word' id='word_1_197' title='bbox 359 2426 460 2479; x_wconf 86' lang='lat' dir='ltr'>vetere</span> <span class='ocrx_word' id='word_1_198' title='bbox 479 2426 599 2479; x_wconf 90' lang='lat' dir='ltr'>austero</span> <span class='ocrx_word' id='word_1_199' title='bbox 618 2437 673 2497; x_wconf 92' lang='lat' dir='ltr'>per</span> <span class='ocrx_word' id='word_1_200' title='bbox 691 2419 825 2479; x_wconf 91' lang='lat' dir='ltr'>triduum</span> <span class='ocrx_word' id='word_1_201' title='bbox 839 2418 936 2499; x_wconf 73' lang='lat' dir='ltr'>dabis,</span> <span class='ocrx_word' id='word_1_202' title='bbox 955 2419 1033 2497; x_wconf 90' lang='lat' dir='ltr'>quod</span> <span class='ocrx_word' id='word_1_203' title='bbox 1049 2436 1095 2477; x_wconf 92' lang='lat' dir='ltr'>re-</span> 
     </span>
    </p>

    <p class='ocr_par' dir='ltr' id='par_1_9' title="bbox 52 2504 1095 2586">
     <span class='ocr_line' id='line_1_26' title="bbox 52 2504 1095 2586; baseline 0.005 -26"><span class='ocrx_word' id='word_1_204' title='bbox 52 2512 73 2555; x_wconf 71' lang='lat'>25</span> <span class='ocrx_word' id='word_1_205' title='bbox 84 2504 212 2567; x_wconf 91' lang='lat' dir='ltr'>medium</span> <span class='ocrx_word' id='word_1_206' title='bbox 232 2506 313 2569; x_wconf 86' lang='lat' dir='ltr'>etad</span> <span class='ocrx_word' id='word_1_207' title='bbox 328 2507 524 2585; x_wconf 78' lang='lat' dir='ltr'>digestionem</span> <span class='ocrx_word' id='word_1_208' title='bbox 539 2507 619 2568; x_wconf 88' lang='lat' dir='ltr'>etad</span> <span class='ocrx_word' id='word_1_209' title='bbox 634 2506 784 2586; x_wconf 88' lang='lat' dir='ltr'>crapulam</span> <span class='ocrx_word' id='word_1_210' title='bbox 798 2506 1003 2585; x_wconf 90' lang='lat' dir='ltr'>deponendam</span> <span class='ocrx_word' id='word_1_211' title='bbox 1017 2506 1095 2566; x_wconf 89' lang='lat' dir='ltr'>lacit.</span> 
     </span>
    </p>

    <p class='ocr_par' dir='ltr' id='par_1_10' title="bbox 85 2594 1146 2943">
     <span class='ocr_line' id='line_1_27' title="bbox 167 2594 1146 2675; baseline 0 -20"><span class='ocrx_word' id='word_1_212' title='bbox 167 2596 344 2657; x_wconf 75' lang='lat' dir='ltr'>Antidotum</span> <span class='ocrx_word' id='word_1_213' title='bbox 363 2596 398 2656; x_wconf 89' lang='lat' dir='ltr'>ad</span> <span class='ocrx_word' id='word_1_214' title='bbox 418 2598 550 2675; x_wconf 85' lang='lat' dir='ltr'>epaticos</span> <span class='ocrx_word' id='word_1_215' title='bbox 565 2598 621 2657; x_wconf 90' lang='lat' dir='ltr'>sic:</span> <span class='ocrx_word' id='word_1_216' title='bbox 644 2594 776 2655; x_wconf 88' lang='lat' dir='ltr'>Peleciui</span> <span class='ocrx_word' id='word_1_217' title='bbox 790 2596 921 2675; x_wconf 92' lang='lat' dir='ltr'>seminis,</span> <span class='ocrx_word' id='word_1_218' title='bbox 940 2595 1095 2673; x_wconf 85' lang='lat' dir='ltr'>eupaterii,</span> <span class='ocrx_word' id='word_1_219' title='bbox 1115 2607 1146 2655; x_wconf 79' lang='lat'>12</span> 
     </span>
     <span class='ocr_line' id='line_1_28' title="bbox 86 2678 1094 2765; baseline 0.005 -30"><span class='ocrx_word' id='word_1_220' title='bbox 86 2678 223 2745; x_wconf 90' lang='lat' dir='ltr'>iocineris</span> <span class='ocrx_word' id='word_1_221' title='bbox 248 2685 356 2765; x_wconf 91' lang='lat' dir='ltr'>lupini,</span> <span class='ocrx_word' id='word_1_222' title='bbox 379 2687 454 2763; x_wconf 92' lang='lat' dir='ltr'>picis</span> <span class='ocrx_word' id='word_1_223' title='bbox 477 2685 624 2765; x_wconf 91' lang='lat' dir='ltr'>Bruttiae,</span> <span class='ocrx_word' id='word_1_224' title='bbox 648 2685 737 2763; x_wconf 87' lang='lat' dir='ltr'>costi,</span> <span class='ocrx_word' id='word_1_225' title='bbox 760 2683 959 2762; x_wconf 82' lang='lat' dir='ltr'>laenograeci,</span> <span class='ocrx_word' id='word_1_226' title='bbox 982 2682 1094 2760; x_wconf 91' lang='lat' dir='ltr'>piperis</span> 
     </span>
     <span class='ocr_line' id='line_1_29' title="bbox 85 2770 1094 2855; baseline 0.003 -28"><span class='ocrx_word' id='word_1_227' title='bbox 85 2772 175 2853; x_wconf 82' lang='lat' dir='ltr'>paria3</span> <span class='ocrx_word' id='word_1_228' title='bbox 199 2774 274 2835; x_wconf 87' lang='lat' dir='ltr'>baec</span> <span class='ocrx_word' id='word_1_229' title='bbox 292 2773 409 2855; x_wconf 90' lang='lat' dir='ltr'>tundes,</span> <span class='ocrx_word' id='word_1_230' title='bbox 431 2773 571 2835; x_wconf 90' lang='lat' dir='ltr'>crihlahis</span> <span class='ocrx_word' id='word_1_231' title='bbox 595 2780 625 2833; x_wconf 89' lang='lat' dir='ltr'>et</span> <span class='ocrx_word' id='word_1_232' title='bbox 647 2771 734 2832; x_wconf 91' lang='lat' dir='ltr'>melle</span> <span class='ocrx_word' id='word_1_233' title='bbox 758 2770 983 2850; x_wconf 90' lang='lat' dir='ltr'>conprehendes</span> <span class='ocrx_word' id='word_1_234' title='bbox 1006 2777 1094 2849; x_wconf 90' lang='lat' dir='ltr'>atque</span> 
     </span>
     <span class='ocr_line' id='line_1_30' title="bbox 85 2855 1094 2943; baseline 0.007 -28"><span class='ocrx_word' id='word_1_235' title='bbox 85 2855 151 2919; x_wconf 90' lang='lat' dir='ltr'>iudo</span> <span class='ocrx_word' id='word_1_236' title='bbox 170 2864 315 2943; x_wconf 85' lang='lat' dir='ltr'>catapotia</span> <span class='ocrx_word' id='word_1_237' title='bbox 334 2862 370 2922; x_wconf 93' lang='lat' dir='ltr'>ad</span> <span class='ocrx_word' id='word_1_238' title='bbox 385 2864 491 2924; x_wconf 90' lang='lat' dir='ltr'>ciceris</span> <span class='ocrx_word' id='word_1_239' title='bbox 505 2862 740 2941; x_wconf 84' lang='lat' dir='ltr'>magnitudinem</span> <span class='ocrx_word' id='word_1_240' title='bbox 754 2880 790 2922; x_wconf 84' lang='lat' dir='ltr'>ex</span> <span class='ocrx_word' id='word_1_241' title='bbox 804 2879 880 2940; x_wconf 90' lang='lat' dir='ltr'>aqua</span> <span class='ocrx_word' id='word_1_242' title='bbox 894 2859 987 2921; x_wconf 92' lang='lat' dir='ltr'>calida</span> <span class='ocrx_word' id='word_1_243' title='bbox 1001 2858 1094 2922; x_wconf 90' lang='lat' dir='ltr'>dahis.</span> 
     </span>
    </p>

    <p class='ocr_par' dir='ltr' id='par_1_11' title="bbox 53 2949 1146 3386">
     <span class='ocr_line' id='line_1_31' title="bbox 53 2949 1146 3012; baseline 0.002 -3"><span class='ocrx_word' id='word_1_244' title='bbox 53 2952 75 2994; x_wconf 76' lang='lat'>⁸⁰</span> <span class='ocrx_word' id='word_1_245' title='bbox 171 2950 344 3012; x_wconf 78' lang='lat' dir='ltr'>Antidotum</span> <span class='ocrx_word' id='word_1_246' title='bbox 367 2950 536 3012; x_wconf 90' lang='lat' dir='ltr'>Philonium</span> <span class='ocrx_word' id='word_1_247' title='bbox 560 2951 595 3011; x_wconf 91' lang='lat' dir='ltr'>ad</span> <span class='ocrx_word' id='word_1_248' title='bbox 619 2952 760 3011; x_wconf 90' lang='lat' dir='ltr'>iocineris</span> <span class='ocrx_word' id='word_1_249' title='bbox 784 2958 813 3011; x_wconf 92' lang='lat' dir='ltr'>et</span> <span class='ocrx_word' id='word_1_250' title='bbox 836 2949 873 3010; x_wconf 91' lang='lat' dir='ltr'>ad</span> <span class='ocrx_word' id='word_1_251' title='bbox 896 2952 1029 3011; x_wconf 91' lang='lat' dir='ltr'>omnium</span> <span class='ocrx_word' id='word_1_252' title='bbox 1053 2953 1093 3011; x_wconf 91' lang='lat' dir='ltr'>vi·</span> <span class='ocrx_word' id='word_1_253' title='bbox 1114 2963 1146 3011; x_wconf 79' lang='lat'>13</span> 
     </span>
     <span class='ocr_line' id='line_1_32' title="bbox 88 3038 1094 3121; baseline 0.005 -27"><span class='ocrx_word' id='word_1_254' title='bbox 88 3047 200 3099; x_wconf 84' lang='lat' dir='ltr'>socrum</span> <span class='ocrx_word' id='word_1_255' title='bbox 220 3042 402 3100; x_wconf 87' lang='lat' dir='ltr'>intrinsecus</span> <span class='ocrx_word' id='word_1_256' title='bbox 421 3039 553 3101; x_wconf 90' lang='lat' dir='ltr'>dolorem</span> <span class='ocrx_word' id='word_1_257' title='bbox 573 3041 629 3100; x_wconf 91' lang='lat' dir='ltr'>sic:</span> <span class='ocrx_word' id='word_1_258' title='bbox 649 3039 737 3100; x_wconf 83' lang='lat' dir='ltr'>Croci</span> <span class='ocrx_word' id='word_1_259' title='bbox 752 3072 790 3083; x_wconf 91' lang='lat'>—</span> <span class='ocrx_word' id='word_1_260' title='bbox 807 3038 840 3121; x_wconf 87' lang='lat' dir='ltr'>V,</span> <span class='ocrx_word' id='word_1_261' title='bbox 858 3038 993 3120; x_wconf 73' lang='lat' dir='ltr'>pyrethri</span> <span class='ocrx_word' id='word_1_262' title='bbox 1006 3038 1094 3119; x_wconf 90' lang='lat' dir='ltr'>idem,</span> 
     </span>
     <span class='ocr_line' id='line_1_33' title="bbox 87 3122 1093 3211; baseline 0.002 -27"><span class='ocrx_word' id='word_1_263' title='bbox 87 3122 194 3201; x_wconf 84' lang='lat' dir='ltr'>piperis</span> <span class='ocrx_word' id='word_1_264' title='bbox 212 3128 272 3189; x_wconf 92' lang='lat' dir='ltr'>alhi</span> <span class='ocrx_word' id='word_1_265' title='bbox 290 3125 369 3207; x_wconf 78' lang='lat' dir='ltr'>drag.</span> <span class='ocrx_word' id='word_1_266' title='bbox 384 3126 447 3210; x_wconf 91' lang='lat' dir='ltr'>XX,</span> <span class='ocrx_word' id='word_1_267' title='bbox 469 3129 640 3209; x_wconf 82' lang='lat' dir='ltr'>hyoscyami</span> <span class='ocrx_word' id='word_1_268' title='bbox 659 3128 731 3209; x_wconf 73' lang='lat' dir='ltr'>drag</span> <span class='ocrx_word' id='word_1_269' title='bbox 744 3127 807 3211; x_wconf 93' lang='lat' dir='ltr'>XX,</span> <span class='ocrx_word' id='word_1_270' title='bbox 830 3128 958 3190; x_wconf 81' lang='lat' dir='ltr'>euforbii</span> <span class='ocrx_word' id='word_1_271' title='bbox 976 3124 1057 3205; x_wconf 75' lang='lat' dir='ltr'>drag.</span> <span class='ocrx_word' id='word_1_272' title='bbox 1071 3128 1093 3207; x_wconf 91' lang='lat' dir='ltr'>l,</span> 
     </span>
     <span class='ocr_line' id='line_1_34' title="bbox 88 3213 1094 3299; baseline 0.007 -32"><span class='ocrx_word' id='word_1_273' title='bbox 88 3213 168 3274; x_wconf 92' lang='lat' dir='ltr'>nardi</span> <span class='ocrx_word' id='word_1_274' title='bbox 194 3216 289 3278; x_wconf 87' lang='lat' dir='ltr'>Indici</span> <span class='ocrx_word' id='word_1_275' title='bbox 316 3214 396 3296; x_wconf 77' lang='lat' dir='ltr'>drag.</span> <span class='ocrx_word' id='word_1_276' title='bbox 420 3217 445 3299; x_wconf 95' lang='lat' dir='ltr'>l,</span> <span class='ocrx_word' id='word_1_277' title='bbox 473 3219 535 3297; x_wconf 92' lang='lat' dir='ltr'>opii</span> <span class='ocrx_word' id='word_1_278' title='bbox 556 3215 638 3295; x_wconf 75' lang='lat' dir='ltr'>drag.</span> <span class='ocrx_word' id='word_1_279' title='bbox 658 3216 679 3278; x_wconf 95' lang='lat' dir='ltr'>l.</span> <span class='ocrx_word' id='word_1_280' title='bbox 724 3216 806 3287; x_wconf 88' lang='lat' dir='ltr'>Quae</span> <span class='ocrx_word' id='word_1_281' title='bbox 832 3223 903 3278; x_wconf 94' lang='lat' dir='ltr'>sunt</span> <span class='ocrx_word' id='word_1_282' title='bbox 926 3218 1005 3277; x_wconf 90' lang='lat' dir='ltr'>sicca</span> <span class='ocrx_word' id='word_1_283' title='bbox 1027 3224 1094 3275; x_wconf 89' lang='lat' dir='ltr'>tuu-</span> 
     </span>
     <span class='ocr_line' id='line_1_35' title="bbox 91 3295 1094 3386; baseline 0.002 -26"><span class='ocrx_word' id='word_1_284' title='bbox 91 3295 203 3386; x_wconf 85' lang='lat' dir='ltr'>duntur,</span> <span class='ocrx_word' id='word_1_285' title='bbox 226 3315 326 3368; x_wconf 92' lang='lat' dir='ltr'>cetera</span> <span class='ocrx_word' id='word_1_286' title='bbox 349 3308 381 3367; x_wconf 89' lang='lat' dir='ltr'>iu</span> <span class='ocrx_word' id='word_1_287' title='bbox 404 3308 544 3371; x_wconf 90' lang='lat' dir='ltr'>mortario</span> <span class='ocrx_word' id='word_1_288' title='bbox 569 3313 767 3368; x_wconf 89' lang='lat' dir='ltr'>conteruntur</span> <span class='ocrx_word' id='word_1_289' title='bbox 790 3313 821 3365; x_wconf 91' lang='lat' dir='ltr'>et</span> <span class='ocrx_word' id='word_1_290' title='bbox 842 3305 989 3383; x_wconf 83' lang='lat' dir='ltr'>permixta</span> <span class='ocrx_word' id='word_1_291' title='bbox 1007 3302 1094 3363; x_wconf 85' lang='lat' dir='ltr'>melle</span> 
     </span>
    </p>
   </div>
   <div class='ocr_carea' id='block_1_4' title="bbox 93 3436 1093 3655">
    <p class='ocr_par' dir='ltr' id='par_1_12' title="bbox 93 3436 1093 3655">
     <span class='ocr_line' id='line_1_36' title="bbox 173 3436 1093 3513; baseline -0.002 -18"><span class='ocrx_word' id='word_1_292' title='bbox 173 3440 405 3513; x_wconf 79' lang='lat' dir='ltr'>dnardispisoae.</span> <span class='ocrx_word' id='word_1_293' title='bbox 483 3443 628 3499; x_wconf 73' lang='lat' dir='ltr'>dmirrae.</span> <span class='ocrx_word' id='word_1_294' title='bbox 706 3438 846 3495; x_wconf 81' lang='lat' dir='ltr'>bscoeni.</span> <span class='ocrx_word' id='word_1_295' title='bbox 919 3436 1093 3507; x_wconf 84' lang='lat' dir='ltr'>8dispnian.</span> 
     </span>
     <span class='ocr_line' id='line_1_37' title="bbox 94 3506 1093 3584; baseline -0.011 -9"><span class='ocrx_word' id='word_1_296' title='bbox 94 3506 291 3574; x_wconf 68' lang='lat' dir='ltr'>inchoationi.</span> <span class='ocrx_word' id='word_1_297' title='bbox 382 3514 576 3584; x_wconf 81' lang='lat' dir='ltr'>chamaepilis.</span> <span class='ocrx_word' id='word_1_298' title='bbox 666 3512 822 3567; x_wconf 71' lang='lat' dir='ltr'>obscoeni.</span> <span class='ocrx_word' id='word_1_299' title='bbox 911 3514 946 3563; x_wconf 79' lang='lat'>26</span> <span class='ocrx_word' id='word_1_300' title='bbox 964 3507 1093 3564; x_wconf 86' lang='lat' dir='ltr'>beleciui.</span> 
     </span>
     <span class='ocr_line' id='line_1_38' title="bbox 93 3575 1093 3655; baseline -0.01 -11"><span class='ocrx_word' id='word_1_301' title='bbox 93 3575 223 3644; x_wconf 66' lang='lat' dir='ltr'>etpalosii.</span> <span class='ocrx_word' id='word_1_302' title='bbox 269 3590 303 3639; x_wconf 76' lang='lat'>28</span> <span class='ocrx_word' id='word_1_303' title='bbox 323 3601 361 3641; x_wconf 77' lang='lat' dir='ltr'>ast</span> <span class='ocrx_word' id='word_1_304' title='bbox 378 3584 459 3655; x_wconf 83' lang='lat' dir='ltr'>paria</span> <span class='ocrx_word' id='word_1_305' title='bbox 477 3584 619 3654; x_wconf 80' lang='lat' dir='ltr'>pondera?</span> <span class='ocrx_word' id='word_1_306' title='bbox 664 3589 696 3637; x_wconf 83' lang='lat'>31</span> <span class='ocrx_word' id='word_1_307' title='bbox 716 3580 843 3652; x_wconf 82' lang='lat' dir='ltr'>pirebhri.</span> <span class='ocrx_word' id='word_1_308' title='bbox 888 3586 921 3635; x_wconf 83' lang='lat'>32</span> <span class='ocrx_word' id='word_1_309' title='bbox 940 3581 1093 3650; x_wconf 88' lang='lat' dir='ltr'>yoscyami.</span> 
     </span>
    </p>
   </div>
   <div class='ocr_carea' id='block_1_5' title="bbox 0 0 1315 4017">
    <p class='ocr_par' dir='ltr' id='par_1_13' title="bbox 0 0 1315 4017">
     <span class='ocr_line' id='line_1_39' title="bbox 0 0 1315 4017; baseline 0 0"><span class='ocrx_word' id='word_1_310' title='bbox 0 0 1315 4017; x_wconf 95' lang='lat' dir='ltr'> </span> 
     </span>
    </p>
   </div>
  </div>
 </body>
</html>
