2609 4017
556 193 711 279 -vaoa
757 230 797 240 -

167 365 202 420 ut
224 356 380 418 considant
402 358 519 435 sordes,
543 366 573 418 et
595 364 664 435 post
686 356 759 417 baec
783 356 906 437 colabis,
930 367 964 417 ut
987 358 1026 416 sit
1048 355 1185 434 liquidis-

167 449 261 508 simus
284 465 389 526 sncus3
412 447 449 508 de
471 447 528 506 boc
551 445 667 525 liquore
692 445 766 506 duas
789 455 889 524 partes
911 447 1010 506 mittes
1038 455 1068 505 ct
1093 463 1184 504 unam
1288 485 1289 492 κ

165 535 263 598 mellis
291 534 432 596 stillaticii
459 546 511 596 aut
538 545 620 596 certe
648 537 740 595 Attici
767 537 871 614 optimi
903 544 935 595 et
961 537 1004 594 sic
1032 534 1185 612 decoquas

165 625 199 685 in
217 642 285 685 vase
304 623 416 702 duplici
434 624 470 684 ad
490 626 607 703 tertias3
630 632 694 685 tum
714 623 870 685 decoctum
890 623 1036 684 recondes
1060 630 1091 683 et
1114 641 1183 683 cum

166 730 241 792 opus
270 713 374 791 fuerit,
402 712 530 773 calidum
558 731 613 790 per
641 712 795 792 specillum
824 711 998 773 medicinale
1025 714 1057 772 in
1081 726 1210 772 aurems

166 800 306 862 infundes
334 803 388 882 ita,
416 810 450 863 ut
476 801 666 881 postmodum
695 804 789 880 ipsam
818 803 854 862 de
883 801 947 861 lana
977 803 1090 861 marino
1114 819 1183 860 con-

113 902 148 953 ⁷4
167 889 264 969 chylio
296 890 405 951 inlecta
438 889 565 951 claudas.
611 889 733 950 Cunilae
766 890 869 950 viridis
904 908 995 951 sucus
1022 907 1184 968 expressus

114 990 147 1040 uo
167 987 257 1057 atque
284 979 434 1040 auriculae
462 979 580 1039 inlusus
608 980 696 1039 rrnice
724 979 856 1040 dolorem
880 979 965 1039 tollit.
1010 977 1184 1039 vettonicae

165 1067 276 1128 herbae
309 1069 412 1128 viridis
444 1079 475 1129 et
502 1070 632 1129 recentis
660 1067 729 1128 folia
757 1068 803 1128 vel
830 1086 886 1146 per
913 1086 946 1128 se
974 1067 1019 1127 vel
1048 1069 1079 1127 in
1108 1085 1184 1145 aqua

164 1156 328 1218 madefacta
351 1161 441 1218 terito
464 1175 630 1236 sucumque
654 1173 759 1217 eorum
778 1159 916 1237 excipito,
940 1156 1047 1216 dcinde
1066 1155 1183 1216 adiecto
1198 1173 1222 1211 1o

149 1264 250 1322 ¹rosae
285 1264 357 1306 suco
391 1256 441 1306 aut
469 1263 591 1306 rosaceo
619 1245 685 1305 oleo
713 1245 813 1324 tepido
845 1247 877 1305 in
912 1263 1013 1306 aurem
1041 1245 1184 1305 instillato

114 1347 148 1397 '16
168 1334 291 1413 lanaque
316 1334 454 1416 claudito,
476 1336 586 1395 mirum
607 1342 662 1394 est.
701 1333 734 1394 Si
752 1333 884 1395 auricula
902 1336 1028 1394 interius
1048 1333 1184 1395 ulcerosa

166 1424 237 1502 erit,
266 1425 349 1502 porri
371 1425 474 1484 sectivi
498 1441 603 1484 sucum
623 1420 686 1483 er
711 1441 779 1484 cum
804 1422 898 1483 mellis
921 1422 1040 1483 hemina
1063 1423 1099 1483 ad
1123 1430 1183 1482 ter-

167 1513 223 1572 tias
252 1511 410 1590 decoquito
436 1520 465 1572 et
493 1530 547 1592 per
574 1511 670 1573 lanam
695 1512 828 1590 tepidum
851 1514 883 1572 in
907 1530 1009 1572 aurem
1032 1511 1183 1572 instillato.

113 1614 145 1665 aa
167 1599 315 1661 Cannabis
344 1600 482 1662 loliorum
510 1619 601 1661 sucus
628 1600 779 1661 auriculae
807 1600 967 1662 instillatus
995 1618 1112 1662 vermes
1140 1603 1183 1660 in·
1199 1615 1223 1657 15

166 1698 251 1750 natos
268 1690 387 1751 necabit
405 1699 436 1751 et
454 1690 578 1769 siquod
597 1689 676 1750 aliud
696 1689 804 1750 animal
822 1692 991 1769 inrepserit,
1014 1690 1183 1750 interficiet.

113 1791 146 1840 78
165 1778 307 1839 Eiusdem
335 1781 457 1840 seminis
483 1778 587 1839 viridis
610 1796 701 1839 sucus
724 1778 884 1839 instillatus
907 1777 1040 1838 dolorem
1064 1796 1183 1838 omnem

114 1879 146 1929 79
166 1867 315 1928 auriculae
343 1875 483 1946 potenter
510 1868 624 1928 avertit.
671 1867 767 1945 Cepae
795 1885 885 1928 sucus
915 1885 982 1927 cum
1007 1866 1093 1927 melle
1116 1885 1183 1945 per·

164 1957 275 2015 mixtus
299 1964 328 2016 et
351 1955 501 2016 auriculae
525 1954 685 2016 instillatus
709 1958 838 2034 graviter
861 1955 1016 2016 audientes
1036 1956 1182 2034 emendat,

165 2043 298 2104 dolorem
322 2044 414 2125 sedat,
440 2044 598 2123 purulenta
622 2053 777 2123 expurgat,
800 2063 917 2105 vermes
940 2052 1053 2124 enecat,
1077 2063 1182 2124 aquam
1197 2062 1223 2100 ao

165 2134 268 2212 etiam,
301 2150 377 2211 quae
407 2137 540 2210 ingressa
568 2134 672 2211 luerit,
701 2142 730 2193 et
758 2151 875 2194 omnem
906 2152 1040 2194 umorem
1072 2135 1182 2194 educit.

111 2233 146 2283 80
166 2220 322 2300 cyminum
351 2221 487 2282 silvestre
513 2225 674 2283 contritum
699 2230 729 2282 et
753 2242 825 2282 suco
849 2231 934 2283 rutae
957 2225 1115 2283 inmixtum
1138 2226 1181 2281 in-

165 2308 367 2388 stillatumque
390 2310 541 2372 auriculae
564 2311 697 2372 dolorem
721 2311 806 2391 lenit,
838 2319 941 2371 ventos
965 2329 1085 2390 quoque
1108 2313 1182 2370 inte-

124 2452 126 2455 .
165 2401 229 2459 rius
253 2409 393 2460 sonantes
416 2408 549 2461 removet
572 2408 661 2478 atque
685 2418 772 2461 omne
797 2402 900 2460 vitium
923 2409 1063 2478 potenter
1084 2418 1182 2460 emen-

111 2499 145 2550 81
165 2487 222 2549 dat.
260 2487 398 2569 Herbam,
412 2507 501 2568 quam
516 2489 621 2550 Graeci
635 2488 811 2568 polygonon,
826 2507 880 2548 nos
894 2488 1008 2568 aliquot
1022 2488 1182 2567 vocabulis,
1196 2503 1224 2544 ss

166 2577 218 2638 sed
241 2582 401 2657 praecipue
425 2578 627 2659 sanguinalem
650 2578 787 2657 dicimus,
811 2579 885 2638 mira
909 2578 1040 2638 elilcacia
1065 2577 1182 2638 dolores

165 2668 282 2728 aurium
311 2669 461 2731 discutere
490 2670 579 2728 etiam
609 2685 664 2727 nos
688 2669 802 2745 experti
827 2685 943 2745 sumus,
972 2669 998 2726 si
1022 2684 1182 2745 expressus

112 2767 146 2817 82
166 2774 258 2817 sucus
275 2759 341 2818 eius
359 2757 525 2834 tepefactus
539 2755 663 2818 auribus
677 2755 846 2816 instilletur.
885 2754 1058 2816 Senecionis
1072 2754 1182 2815 herbae

167 2863 259 2906 sucus
286 2863 354 2905 cum
384 2844 499 2923 liquido
524 2844 617 2905 nardo
644 2844 805 2905 instillatus
833 2852 863 2904 et
886 2844 1004 2904 dolores
1027 2851 1058 2904 et
1081 2843 1181 2905 ulcera

114 2945 151 2994 83
170 2935 287 2994 aurium
321 2940 413 2993 sanat.
463 2931 568 2993 Oleum
601 2932 750 2994 laurinum
778 2932 885 3011 strigili
912 2933 1026 2994 ferreae
1054 2932 1182 2993 inditum
1196 2949 1224 2989 ao

169 3029 258 3099 atque
283 3023 324 3082 ita
348 3020 522 3082 calefactum
545 3021 737 3099 inlusumque
761 3020 910 3082 auriculae
934 3021 1066 3082 dolorem
1090 3020 1184 3081 sedat.

113 3120 148 3171 84
168 3108 290 3170 Vermes
309 3129 345 3170 ex
370 3109 501 3189 qualibet
524 3109 630 3171 arbore
653 3110 738 3170 rubri
762 3110 872 3170 coloris
890 3113 1012 3170 contriti
1030 3128 1097 3170 cum
1117 3108 1182 3169 oleo

95 3198 148 3260 'ab
168 3206 198 3260 et
220 3198 312 3259 inlusi
335 3198 455 3259 dolores
476 3201 593 3261 aurium
614 3201 727 3261 sedant.
764 3201 847 3278 Aqua
866 3202 999 3278 ingressa
1019 3197 1182 3260 auriculam

166 3289 193 3349 si
215 3288 347 3349 dolorem
371 3288 473 3369 iaciet,
501 3288 569 3350 rubi
592 3293 689 3350 teneri
713 3307 803 3349 sucus
827 3306 987 3366 expressus
1011 3299 1041 3348 et
1063 3288 1181 3348 inlusus

238 3495 442 3567 tspecillum]
466 3494 583 3567 spicille.
700 3494 852 3549 timarinc.
960 3492 1107 3563 conchylio
1129 3509 1181 3546 om.

167 3562 368 3624 rinconfaeta
443 3571 474 3620 ln
495 3565 632 3637 claudite]
650 3565 734 3620 cladi.
806 3570 841 3620 28
860 3564 1016 3620 semitionis.
