2609 4017
571 111 812 178 -194-

182 277 294 358 pastilli
317 277 353 337 ad
377 276 492 336 denarii
515 276 683 356 semissem,
713 273 821 335 dantur
849 277 936 335 etiam
960 273 1203 335 febricitantibus

183 375 214 429 et
242 369 306 427 sinc
336 365 419 427 febre
446 366 635 444 potissimum
666 363 831 442 pleuriticis
860 370 890 424 et
919 363 1203 443 peripleumoniacis

183 474 220 517 ex
239 473 332 535 aquae
352 452 464 514 mulsae
482 453 592 514 dilutae
607 453 722 532 cyathis
741 451 865 532 duobus,
885 453 1022 532 pthisicis
1042 471 1078 512 ex
1097 470 1203 532 posca3

183 544 220 606 ad
244 543 385 605 convulsa
408 551 507 603 autem
531 549 562 602 et
585 551 673 621 rupta
697 559 733 602 ex
756 540 842 602 melle
867 548 897 601 et
918 549 1010 622 aceto,
1034 543 1147 602 ceteris
1166 559 1202 602 ex

183 652 259 712 aqua
286 631 379 693 calida
407 631 453 692 vel
480 630 596 710 frigida.
641 630 725 692 Facit
752 630 809 690 hec
837 629 1089 692 medicamentum
1113 631 1228 690 etiamn

183 723 220 782 ad
243 739 304 802 eos,
328 719 436 800 quibus
459 720 631 781 stomachus
653 721 805 779 inacescit.

130 824 165 874 19
274 808 443 889 Antidotus,
468 827 525 888 qua
548 811 644 870 utitur
668 807 793 868 Cosmus
812 807 847 868 ad
868 811 966 869 omnia
984 810 1104 869 interna
1122 809 1201 887 vitia,

185 918 260 979 quae
285 917 375 979 snpra
399 900 509 977 scripta
533 905 618 978 sunt,
645 915 762 958 necnon
786 904 817 957 et
840 898 876 957 ad
899 915 1002 957 omnes
1027 904 1202 977 serpentum

182 990 289 1049 noxios
313 1005 447 1068 morsus3
470 989 578 1066 recipit
599 985 687 1048 haec:
711 985 917 1065 Glycyrrhizae
939 987 1077 1046 denarios
1097 983 1201 1044 VlllS

185 1085 215 1138 et
238 1078 342 1137 tertias
366 1077 515 1137 victoriati
537 1075 583 1135 vel
607 1076 681 1136 duas
704 1084 814 1155 partes,
837 1076 898 1155 opii
921 1075 1060 1136 denarios
1086 1083 1202 1153 septem
1216 1088 1242 1127 1⁰

185 1177 215 1227 et
237 1168 342 1227 tertias
366 1173 468 1244 partes
490 1165 640 1225 victoriati
663 1163 709 1223 vel
733 1164 820 1244 duas,
848 1167 975 1224 castorei
1002 1164 1142 1225 denarios
1166 1161 1203 1221 Vl

185 1263 216 1316 ct
243 1256 391 1315 victoriati
420 1254 494 1315 duas
522 1255 663 1313 tertiasve
686 1261 800 1333 partes,
823 1255 935 1332 piperis
959 1253 1040 1332 longi
1063 1253 1203 1313 denarios

185 1345 317 1423 quinque
342 1351 372 1404 et
394 1345 544 1403 victoriati
565 1351 681 1421 partem
703 1343 830 1421 tertiam,
853 1343 966 1422 piperis
985 1341 1045 1402 albi
1063 1342 1204 1402 denarios

185 1435 317 1512 quinque
341 1438 371 1492 et
394 1433 542 1492 victoriati
566 1431 640 1492 duas
663 1433 804 1492 tertiasve
826 1439 934 1512 partes,
957 1432 1044 1492 nardi
1064 1426 1203 1510 Syriacae

185 1521 323 1583 denarios
346 1519 384 1579 vl
404 1520 439 1601 S,
463 1520 549 1581 dauci
572 1521 696 1581 seminis
720 1519 857 1580 denarios
880 1519 927 1601 Vl,
951 1518 1130 1581 malobathri
1155 1519 1204 1580 de·
1220 1530 1245 1569 1⁵

184 1613 285 1671 uarios
307 1608 332 1666 V
352 1609 386 1690 S,
415 1611 511 1670 casiae
539 1610 642 1688 nigrae
671 1609 808 1669 denarios
838 1611 970 1688 quinque
998 1617 1029 1670 et
1054 1609 1205 1669 victoriati

186 1702 355 1778 semissem,
383 1701 460 1759 turis
490 1698 629 1759 denarios
657 1697 694 1777 V,
722 1697 759 1758 sil
786 1697 924 1758 denarios
947 1697 971 1756 V
1000 1706 1030 1758 et
1054 1699 1205 1758 victoriati

187 1788 259 1849 duas
287 1789 427 1849 tertiasve
455 1794 571 1867 partes,
604 1804 690 1847 rosae
724 1788 846 1846 caninae
879 1789 944 1848 suci
972 1786 1111 1847 denarios
1142 1804 1205 1865 sex,

186 1879 268 1937 acori
291 1876 430 1936 denarios
454 1876 538 1955 dnos,
562 1876 704 1954 sagapeni
726 1873 806 1954 llll,
830 1875 952 1936 balsami
976 1877 1098 1936 seminis
1122 1875 1150 1936 ie
1170 1874 1205 1953 ll,

187 1964 298 2025 scordii
316 1963 342 2023 X
357 1962 381 2021 V
399 1971 430 2023 et
448 1965 597 2025 victoriati
613 1964 686 2024 duas
701 1965 842 2024 tertiasve
856 1973 965 2044 partes,
983 1983 1100 2044 myrrae
1117 1964 1142 2023 ll
1157 1963 1205 2044 Vl,
1220 1975 1247 2013 2⁰

186 2055 267 2114 croci
295 2051 381 2111 xvl
409 2060 439 2112 et
471 2052 544 2112 duas
577 2053 726 2113 victoriati
760 2055 899 2112 tertiasve
930 2061 1044 2134 partes,
1076 2055 1205 2114 storacis

186 2140 258 2201 llll
277 2139 314 2221 5,
338 2141 468 2201 cinnami
491 2140 587 2201 xvh
610 2149 640 2202 et
663 2143 811 2202 victoriati
834 2141 908 2202 duas
930 2144 1070 2203 tertiasve
1092 2151 1207 2222 partes,

185 2229 347 2308 zingiberis
375 2228 470 2289 llVll
498 2238 529 2291 et
555 2232 705 2291 victoriati
733 2231 806 2290 duas
835 2233 973 2292 tertiasve
1000 2239 1115 2310 partes,
1140 2230 1206 2310 phu

186 2318 212 2378 ll
230 2317 290 2399 Vll,
314 2318 489 2397 petroselini
512 2318 538 2378 ll
557 2318 638 2379 Xllll
662 2327 692 2379 et
711 2319 785 2380 duas
804 2321 943 2392 tertiasve
962 2321 1111 2381 victoriati
1128 2337 1205 2398 pon-

187 2408 268 2469 deris
286 2416 395 2488 partes,
420 2407 542 2469 feniculi
561 2409 683 2468 seminis
702 2406 806 2488 llllll,
828 2407 976 2469 saliuncae
996 2409 1099 2488 llllll,
1117 2416 1206 2469 rutae
1221 2417 1250 2458 2⁵

187 2497 336 2558 silvaticae
365 2495 450 2578 llll,
479 2499 589 2576 agarici
617 2498 682 2557 suci
709 2495 793 2577 llll,
821 2499 975 2574 gentianae
1005 2496 1121 2578 llllll,
1149 2499 1206 2558 iris

187 2585 321 2667 Illyricae
345 2585 370 2645 ll
390 2585 422 2666 V,
445 2589 528 2646 anesi
550 2585 576 2645 Χ
595 2585 649 2667 lll,
673 2584 781 2664 thlaspi
805 2587 927 2646 seminis
951 2585 1032 2646 XVI
1060 2595 1089 2647 et
1112 2588 1206 2648 victo-

187 2678 257 2736 riati
279 2677 397 2736 tertiam
421 2683 550 2755 partem,
578 2692 664 2734 rosae
688 2672 826 2734 foliorum
850 2673 961 2756 Xllll,
992 2676 1102 2755 misyos
1126 2674 1206 2754 lev,

187 2767 315 2843 gummis
344 2763 496 2824 acanthini
517 2762 602 2842 llll,
630 2763 811 2823 cardamomi
834 2762 946 2844 llllll,
974 2763 1097 2824 schoeni
1120 2763 1206 2825 floris

187 2852 214 2912 ll
232 2851 288 2912 llll
312 2859 343 2912 et
364 2854 513 2913 victoriati
536 2852 610 2912 duas
628 2853 770 2912 tertiasve
790 2860 900 2933 partes,
923 2855 1103 2932 opopanacis
1122 2852 1149 2914 h
1168 2853 1206 2913 vl
1222 2863 1249 2902 ³⁰

188 2948 219 3002 et
241 2941 391 3000 victoriati
414 2941 488 3001 duas
510 2948 611 3020 partes
634 2947 665 3001 et
688 2947 863 3022 sextantem,
888 2944 1005 3003 resinae
1028 2941 1207 3004 terebinthi-

188 3047 243 3089 nae
265 3027 292 3088 Χ
310 3027 348 3088 Vl
371 3037 402 3088 et
425 3029 499 3089 duas
522 3031 663 3090 tertiasve
682 3031 831 3090 victoriati
849 3038 957 3109 partes.
989 3030 1023 3091 ln
1042 3034 1111 3092 vino
1130 3031 1207 3092 Chio

188 3117 236 3179 vel
258 3116 384 3178 falerno
408 3116 486 3177 bono
510 3118 632 3178 odorato
657 3120 755 3179 omnia
778 3127 903 3180 contusa
927 3119 1116 3200 cribrataque
1135 3139 1208 3181 con·

189 3213 371 3287 sperguntur
395 3214 424 3267 et
447 3206 557 3286 pastilli
579 3207 649 3267 inde
672 3208 749 3267 fiunt
768 3207 878 3268 diversi
896 3208 1037 3287 ponderis
1057 3209 1104 3269 vel
1121 3227 1207 3270 men·

189 3315 289 3377 surae,
317 3304 426 3376 quanta
455 3295 585 3356 avellana
613 3303 643 3356 et
671 3305 781 3374 quanta
809 3296 875 3356 faba
898 3297 1040 3377 Aegyptia
1065 3305 1123 3379 est,
1153 3301 1207 3378 qui
1224 3313 1251 3354 aa

189 3384 254 3444 dari
272 3384 382 3446 debent
400 3404 459 3445 non
479 3383 719 3446 febricitantibus
738 3403 773 3446 ex
793 3385 898 3466 mulso,
917 3386 1043 3447 infirmis
1059 3406 1095 3447 ex
1110 3405 1207 3466 aquae

189 3471 299 3533 calidae
323 3474 435 3552 cyathis
458 3473 564 3534 tribus.

121 3641 203 3681 ..,
