2609 4017
579 189 823 255 -310-

193 355 252 415 ciet
280 353 461 415 observabis.
503 351 542 414 iii
569 361 639 414 sunt
667 352 857 415 characteres
884 351 1035 414 scribendi
1060 354 1212 414 inaurea
1291 406 1292 411 ,

192 443 313 504 lamina:

463 531 487 592 L
537 535 572 592 Ψ
612 535 656 591 Μ
699 533 725 593 Θ
770 535 800 592 Κ
845 535 865 592 Ι
905 535 936 592 Α

463 619 487 680 L
537 623 572 680 Ψ
612 625 656 681 Μ
699 621 725 681 Θ
771 624 800 681 Κ
844 624 865 681 Ι
905 624 936 681 Α

463 707 487 768 L
536 713 572 770 Ψ
611 711 654 770 Μ
698 711 725 770 Θ
768 713 799 770 Κ
844 712 864 769 Ι
904 714 943 770 A.
1221 726 1234 767 s
1292 762 1293 773 ,

139 810 173 859 2⁷
282 797 423 877 Leporini
450 801 592 859 stercoris
620 797 728 877 pilulas
757 804 872 877 septem
896 805 960 858 tere
983 805 1106 860 etcum
1130 797 1210 860 dulci
1292 776 1293 869 i

191 889 260 946 vino
284 886 378 947 colico
401 905 455 966 per
478 885 612 948 triduum
634 887 672 947 da
694 887 866 948 bibendum.

139 988 173 1036 28
281 975 325 1036 Ad
344 975 403 1036 coli
421 975 539 1036 dolores
557 979 715 1037 mentastri
733 975 812 1056 folia,
830 984 973 1055 quantum
993 975 1091 1037 tribus
1108 977 1208 1056 digitis

192 1064 415 1144 adprehendere
439 1067 586 1145 potueriS,
610 1065 697 1126 toties
719 1064 819 1126 ethis
843 1064 953 1126 adicies
975 1064 1099 1126 feniculi
1121 1068 1208 1126 senri-

191 1155 238 1214 nis
261 1153 399 1215 cocliaria
422 1155 495 1235 duo;
517 1153 592 1215 haec
614 1155 646 1214 in
670 1172 763 1215 trnnm
787 1171 875 1232 quam
898 1155 1097 1215 minutissime
1117 1163 1207 1235 teres,
1219 1173 1245 1213 to

190 1243 380 1322 postmodum
400 1242 490 1302 addes
508 1244 570 1304 vini
587 1245 698 1303 veteris
717 1244 823 1321 optimi
837 1242 959 1322 cyathos
973 1251 1127 1322 quattuor,
1142 1252 1207 1305 tum
1293 1296 1294 1311 1

191 1329 362 1391 calefactam
385 1332 549 1412 potionem,
574 1339 717 1410 quantum
746 1331 858 1410 digitus
885 1333 947 1411 pati
969 1333 1080 1412 possit,
1106 1334 1207 1393 ieiuno
1293 1360 1294 1413 ἦ

190 1418 349 1479 bibendam
376 1418 474 1500 dabis3
504 1422 645 1481 continuo
675 1429 779 1482 ventos
807 1422 924 1481 emittet
951 1428 981 1481 et
1008 1421 1207 1482 deiectionem
1293 1484 1294 1499 2

191 1508 288 1570 faciet.
334 1507 416 1569 Hanc
445 1527 516 1588 ergo
543 1511 695 1589 potionem
723 1511 749 1569 si
777 1511 845 1588 quis
871 1508 971 1571 triduo
1002 1527 1076 1570 usus
1107 1509 1207 1591 tuerit,
1293 1502 1294 1549 ἓ

191 1599 325 1676 quamvis
347 1616 451 1677 graves
475 1597 533 1658 coli
554 1598 673 1659 dolores
696 1597 808 1659 evadet.
1217 1614 1243 1655 as
1293 1604 1294 1607 ’

138 1698 171 1748 29
280 1685 422 1747 Gallinam
445 1705 500 1766 per
522 1694 618 1748 totum
642 1687 721 1748 diem
744 1705 761 1747 a
784 1686 851 1747 cibo
874 1685 1035 1768 abstineto;
1061 1687 1133 1748 dein
1154 1707 1206 1767 po

191 1784 272 1836 stero
296 1776 344 1836 die
368 1794 437 1837 cnm
460 1793 525 1836 eam
548 1774 703 1856 occideris,
727 1793 816 1836 crura
839 1777 904 1836 eius
924 1793 993 1836 cum
1012 1775 1073 1837 saie
1091 1784 1123 1838 ct
1140 1776 1207 1838 olco

190 1866 319 1925 inassato
348 1871 378 1925 et
405 1866 505 1926 ieiuno
534 1864 640 1945 colico,
669 1866 721 1942 qui
747 1883 780 1925 so
807 1865 904 1943 pridie
928 1863 994 1926 cibo
1017 1864 1206 1947 abstinuerit,

189 1952 393 2014 manducanda
416 1954 494 2035 dato,
517 1954 641 2014 mirifice
664 1953 823 2032 profueris.
930 1943 950 1987 Ι

137 2053 171 2103 30
280 2040 441 2120 Corydaius
464 2044 534 2118 avis,
557 2043 588 2103 id
612 2051 658 2102 est
677 2060 752 2121 quae
771 2041 876 2103 alauda
893 2051 1024 2123 vocatur,
1049 2061 1125 2122 quae
1144 2045 1206 2104 ani-
1218 2059 1243 2099 so

191 2147 255 2189 mos
278 2128 431 2190 hominum
455 2129 605 2191 dulcidine
628 2132 710 2192 vocis
733 2129 871 2212 obiectat,
894 2150 962 2192 cum
980 2150 1035 2192 sua
1053 2130 1155 2211 pluma
1174 2134 1206 2194 in

190 2235 260 2277 vaso
284 2216 368 2278 fictili
390 2227 512 2298 gypsato
536 2222 567 2280 in
591 2220 679 2280 iurno
703 2221 800 2298 posito
823 2221 864 2280 ita
883 2220 1070 2300 conburitur,
1093 2229 1129 2281 ut
1146 2223 1207 2281 teri

189 2308 298 2388 possit5
331 2309 476 2368 contritae
508 2315 608 2368 autem
640 2310 835 2371 tenuissimus
860 2307 957 2388 pulvis
984 2311 1144 2388 reponitur
1176 2318 1208 2371 et
1294 2316 1295 2331 ¹

190 2412 259 2457 curn
288 2414 364 2475 opus
391 2396 495 2478 fuerit,
523 2416 560 2457 ex
586 2415 620 2458 eo
644 2397 781 2457 cocliaria
804 2398 864 2457 duo
887 2397 933 2458 vel
956 2399 1014 2458 tria
1037 2416 1106 2459 cum
1130 2417 1207 2477 aqna

191 2484 284 2546 calida
302 2504 357 2566 per
375 2485 508 2547 triduum
527 2493 578 2546 aut
596 2485 796 2565 quadriduum
813 2484 935 2567 dantur3
953 2485 1130 2547 incredibile
1147 2487 1206 2548 boc
1218 2503 1244 2544 ss

190 2573 292 2636 culicis
311 2574 485 2655 remedium,
505 2574 583 2654 quod
603 2575 676 2635 adeo
695 2574 826 2654 prodest,
844 2583 879 2636 ut
896 2577 994 2635 omnia
1008 2574 1206 2637 medicamina

189 2665 295 2726 merito
319 2681 462 2743 superare
486 2663 629 2725 videatur.

137 2763 169 2812 31
280 2752 403 2814 Stercus
427 2770 573 2832 aprunum
596 2770 703 2812 recens
726 2753 758 2812 in
781 2770 857 2831 aqua
880 2754 1039 2812 remissum
1062 2752 1205 2814 colatum·

191 2858 249 2919 que
273 2859 340 2901 cum
364 2841 453 2902 mulsi
476 2841 580 2921 cotylis
598 2839 696 2902 tribus
714 2847 744 2901 et
762 2843 875 2920 piperis
894 2843 1016 2902 contriti
1034 2843 1136 2919 granis
1154 2839 1207 2901 LX

190 2930 307 2988 intres
330 2931 466 3007 potiones
490 2930 616 2992 divisum
639 2929 851 3009 pertriduum
874 2929 975 3010 datur,
998 2932 1040 2989 ita
1062 2937 1098 2991 ut
1120 2931 1244 3009 priusso

190 3034 300 3095 corpus
329 3018 393 3078 eius
421 3017 520 3100 codici,
548 3020 598 3080 eui
620 3019 703 3098 potio
726 3018 821 3079 danda
844 3027 900 3099 est,
922 3035 1014 3099 acopo
1037 3036 1206 3098 perungua-

191 3117 249 3188 tur,
272 3112 307 3166 ut
329 3106 539 3184 perfrictiones
562 3125 666 3167 omnes
687 3116 789 3168 coacto
808 3108 918 3168 sudoro
937 3105 1105 3188 discedant3
1129 3109 1207 3169 miro

137 3207 171 3256 32
191 3194 323 3256 remedio
347 3193 508 3256 sanabitur.
544 3195 689 3256 Sucinum
712 3195 821 3256 tundes
844 3204 874 3256 et
893 3214 929 3256 ex
948 3197 1013 3255 eius
1031 3194 1129 3257 iarina
1146 3196 1206 3256 duo

190 3283 326 3345 cocliaria
355 3302 423 3345 cum
451 3302 526 3363 aque
554 3302 614 3344 non
642 3285 768 3346 nimium
797 3284 924 3345 ferventi
951 3283 1080 3344 bibenda
1111 3284 1206 3346 colico

280 3421 477 3476 lecracteres.
525 3421 675 3474 deterens.
723 3418 984 3489 badprcehindere.
1036 3424 1069 3474 13
1090 3419 1205 3475 emittit

191 3493 225 3542 14
243 3490 366 3557 potione.
402 3549 405 3561 ¹
476 3495 508 3546 15
529 3490 630 3544 eredat
649 3495 698 3543 1m
716 3489 818 3545 evadet
834 3494 894 3546 2m.
1001 3495 1033 3543 17
1053 3505 1118 3546 com
1137 3488 1204 3546 sole.

190 3563 225 3611 20
244 3559 402 3614 coridollus.
476 3559 594 3614 animus.
668 3565 702 3614 29
722 3559 822 3615 cotilis.
895 3560 955 3632 LX]
975 3559 1048 3614 an
1067 3563 1139 3632 (sic).
