2609 4017
149 602 196 662 De
225 602 404 662 mensuris
433 609 466 662 et
494 599 719 680 ponderibus
746 600 1027 661 medicinalibus
1055 619 1096 661 ex

242 690 377 751 Graeco
400 689 589 750 translatis
614 691 714 749 iuxta
737 688 1002 769 Hippocratem.

205 813 298 875 Uncia
321 812 410 874 habet
434 814 589 874 drachmas
613 831 738 874 numero
757 812 835 895 VIII,
858 812 987 893 scrtpula
1012 812 1132 875 XXllll.

116 902 195 963 Mina
214 903 303 963 babet
322 902 426 965 libram
441 901 454 962 l
473 904 576 963 uncias
589 901 625 963 II.
656 902 767 963 Cheme
785 901 875 962 habet
894 904 972 963 sicut
990 903 1132 964 drachma

116 984 156 1078 β
172 992 221 1051 lll.
246 989 355 1052 Obolos
369 990 459 1051 habet
475 990 614 1051 denarius
629 990 676 1051 Vl.
703 990 806 1071 Cotyla
821 990 966 1069 [hemma]
982 991 1053 1052 lacit
1067 1010 1132 1052 ace·

115 1079 216 1141 tabula
240 1082 301 1141 sive
327 1079 479 1159 oxybapha
505 1079 567 1140 IIII.
610 1079 750 1159 Olyscion
768 1080 838 1141 lacit
860 1080 996 1140 heminae
1016 1089 1132 1158 partem

88 1172 280 1250 sseptimam
304 1169 384 1248 quod
406 1169 477 1229 facit
496 1202 539 1212 -
558 1167 571 1228 Ι
595 1179 625 1230 et
645 1168 800 1230 drachmas
819 1167 855 1229 11.
897 1168 1019 1249 Cotylus
1042 1167 1133 1229 habet

118 1291 157 1301 —
174 1255 237 1338 llll,
257 1258 336 1336 quod
354 1258 426 1317 iacit
444 1255 606 1337 cyathosll
625 1266 656 1318 et
674 1257 818 1318 coclearia
836 1256 882 1320 vl.
922 1256 996 1318 Item
1017 1257 1132 1338 cotylus

116 1348 310 1407 triunciarius
329 1345 418 1407 habet
436 1347 571 1406 heminae
590 1348 709 1406 tertiam
727 1354 851 1426 partem.
884 1345 1065 1407 Tetrobolon
1086 1353 1133 1407 est

116 1443 221 1515 quarta
245 1453 315 1514 pars
338 1435 482 1495 heminae.
524 1434 656 1495 Choenix
684 1437 806 1496 sextarii
829 1434 889 1496 duo
913 1445 990 1496 sunt.
1033 1435 1132 1497 Slater

116 1530 162 1585 est
177 1523 257 1603 quod
272 1526 394 1584 metitur
414 1523 569 1584 drachmas
583 1522 645 1603 llll,
665 1532 711 1584 est
729 1531 828 1585 autem
847 1532 957 1603 quanta
971 1527 1132 1585 semuncia.

77 1627 101 1667 1o
115 1613 261 1673 [tenarius
276 1622 322 1673 est
336 1620 494 1691 argenteus
509 1612 648 1673 drachma
667 1611 690 1695 1,
709 1611 788 1691 quod
806 1613 877 1673 lacit
951 1611 1000 1672 Ill.
1034 1612 1132 1673 Victo·

115 1704 210 1763 riatus
230 1701 369 1762 denarius
388 1700 509 1761 dimidia
532 1719 601 1780 pars
625 1700 784 1761 drachmae
807 1708 861 1761 est.
927 1699 1012 1760 bolus
1035 1703 1133 1761 minor

116 1790 273 1851 drachmae
294 1798 375 1851 sexta
395 1808 464 1869 pars
484 1799 537 1850 est.
570 1789 701 1869 Cyathus
719 1806 789 1868 pars
809 1796 910 1850 octava
930 1791 1060 1871 sextarii,
1079 1790 1131 1850 sed

116 1879 153 1940 ad
175 1878 293 1959 pondus
317 1878 526 1940 drachmarum
553 1896 623 1957 pars
649 1877 763 1938 deotma
787 1885 840 1939 est.
882 1877 1067 1939 CoclearIum
1089 1879 1132 1939 di·

116 1968 207 2029 midia
229 1986 299 2046 pars
323 1967 490 2028 drachmae
505 1974 559 2027 est.
596 1966 799 2028 Tetrassarius
823 1969 976 2029 semuncia
999 1975 1053 2028 est.

115 2110 205 2172 Item
224 2109 265 2170 de
284 2108 508 2188 ponderibus
533 2116 567 2169 et
586 2112 767 2170 mensuris
788 2109 1132 2171 medicamentorum

171 2218 211 2261 cx
234 2198 329 2260 libro
352 2197 430 2259 XXI
453 2197 565 2258 Plinii
587 2198 826 2259 historiarum
849 2198 1078 2261 naturalium.

76 2354 101 2394 15
206 2322 350 2385 Drachma
365 2322 461 2384 Attica
481 2322 594 2382 denarii
614 2329 660 2384 est
679 2324 812 2401 argentei
831 2322 955 2401 pondus.
986 2322 1132 2382 Drachma

115 2411 220 2473 eadem
238 2412 328 2473 habet
342 2413 374 2471 in
388 2410 519 2491 pondere
535 2410 638 2471 obolos
651 2410 698 2473 Vl.
732 2410 843 2472 Obolus
859 2411 949 2472 habet
963 2411 1082 2472 chalcos
1096 2410 1132 2471 X.

116 2501 246 2583 Cyathus
276 2501 387 2580 pendet
417 2500 572 2561 drachmas
600 2498 635 2561 X.
682 2499 876 2561 Acetabnlum
909 2500 988 2579 quod
1021 2500 1132 2561 dicitnr

115 2590 205 2651 habet
227 2591 364 2650 heminae
388 2596 523 2668 quartam
547 2595 671 2668 partem.
717 2588 841 2648 Hemina
864 2587 954 2648 habet
976 2588 1132 2649 drachmas

116 2697 241 2740 numero
256 2677 314 2738 LX.
344 2677 420 2758 Mna,
437 2695 524 2757 quam
538 2678 636 2737 nostri
650 2678 760 2737 minam
775 2683 889 2755 vocant,
903 2677 1013 2755 pendet
1028 2675 1131 2736 drach-

77 2779 102 2818 20
116 2786 179 2829 mas
203 2767 316 2828 Atticas
340 2773 469 2827 centum.

205 2856 360 2916 Mensuras
384 2873 503 2935 quoque
527 2857 606 2933 ipsas
631 2853 813 2915 Graecorum
840 2855 877 2915 de
905 2854 1131 2916 medicinalibus

115 2945 300 3025 ponderibus
329 2943 511 3023 addidimus
539 2962 614 3023 quae
638 2945 775 3021 sequenti
802 2945 908 3023 pagiua
932 2947 1132 3026 continentur,

116 3036 204 3096 utin
227 3033 435 3095 huiuscemodi
458 3032 562 3114 rebus,
590 3034 616 3092 si
639 3034 736 3093 vIsum
759 3031 862 3113 luerit,
887 3033 923 3093 de
947 3033 1028 3094 fonte
1052 3033 1131 3113 quod

117 3126 200 3185 aiunt
221 3125 287 3201 ipso
311 3130 430 3201 petatur
453 3123 622 3183 auctoritas.

362 3262 451 3345 Περὶ
474 3261 607 3344 μέτρων
629 3260 689 3323 καὶ
711 3265 885 3342 σταθμῶν.

200 3383 242 3447 Ἡ
257 3390 316 3468 proi
335 3386 393 3468 ἔχει
412 3381 499 3461 ὁλκὰς
518 3381 571 3466 ρξ’,
593 3380 613 3466 ἡ
636 3387 718 3467 λίιριι
736 3385 791 3466 ἔχει
813 3380 934 3467 οὗγγίιις
952 3378 1007 3465 ιβ’,
1024 3380 1044 3465 ἡ
1063 3380 1130 3467 οὔγ-

115 3476 165 3558 γία
188 3476 245 3557 ἔχει
269 3470 359 3550 ὁλκὰς
381 3472 419 3556 η’,
442 3470 461 3555 ἡ
487 3470 558 3555 ὁλκὴ
578 3474 635 3556 ἔχει
654 3471 808 3557 γράμματα
826 3472 863 3556 γ’,
885 3470 918 3536 τὸ
936 3469 1054 3556 γράμμα
1073 3474 1130 3555 ἔχει

116 3560 241 3646 ὀβολοὺς
264 3561 301 3645 β’,
325 3589 335 3627 ι
366 3560 471 3645 ὀβολὸς
494 3564 551 3645 ἔχει
573 3560 692 3646 κεράτια
711 3560 748 3641 δ’,
770 3559 802 3626 τὸ
820 3557 955 3642 κεράτιον
978 3562 1035 3643 ἔχει
1061 3568 1130 3642 χαλ-

939 3662 970 3714 1*

1134 3803 1197 3959 Δ
