2609 4017
478 990 784 1065 PRAEFATIO.

578 1152 686 1162 .—

190 1246 340 1324 Marcelli,
369 1264 460 1322 quem
482 1245 574 1322 vulgo
597 1244 708 1305 vocant
735 1242 925 1322 empiricum,
952 1243 990 1303 de
1013 1241 1142 1301 medica·

123 1343 233 1403 mentis
247 1343 325 1402 liber
338 1362 407 1420 uno,
427 1343 507 1419 quod
521 1340 660 1419 equidem
675 1341 776 1419 sciam,
795 1340 896 1401 codice
910 1340 996 1401 nobis
1011 1339 1143 1400 traditus

124 1444 184 1518 est,
206 1440 442 1501 Laudunensi
461 1442 525 1500 420
548 1433 653 1519 (antea
669 1431 759 1522 326).
805 1438 866 1509 Qui
888 1438 1143 1515 membranaceus,

124 1538 267 1597 foliorum
298 1536 566 1614 OLXXXXVIIII,
594 1538 715 1597 saeculo
744 1536 836 1596 VIIH
867 1536 980 1613 optime
1013 1534 1143 1610 scriptus

125 1626 177 1716 (cf.
202 1634 359 1710 curatoque
379 1635 497 1710 picerel
519 1636 569 1694 des
591 1638 767 1696 manuscrits
795 1637 845 1695 des
867 1635 1068 1706 bibliotbiqacs
1085 1652 1143 1706 pu·

125 1733 234 1807 bliqces
247 1733 297 1793 des
310 1732 518 1807 deportemcecs
532 1738 597 1792 tom.
612 1731 628 1789 I
636 1751 669 1806 p.
686 1724 776 1814 223),
794 1751 856 1791 non
868 1732 988 1808 integer
1001 1729 1141 1805 pervenit

125 1830 163 1889 ad
195 1832 330 1891 nostram
361 1832 501 1890 aetatem.
546 1828 673 1889 Initium
700 1830 766 1890 eius
795 1848 875 1889 nunc
903 1831 950 1889 est
981 1847 1000 1887 a
1028 1827 1143 1888 verbis:

0 1992 3 2003 ,
124 1928 277 2003 Incipiemt
303 1928 442 2003 amatae
469 1929 650 1988 diversorem
677 1929 712 1989 de
739 1929 879 2002 qualitate
900 1932 927 1987 et
948 1928 1144 1987 obseeetmee

124 2027 291 2085 medicinae.
328 2025 461 2100 Lerpies
475 2026 705 2099 Desipeotiarras
718 2027 790 2097 filiis
802 2027 865 2085 suis
878 2025 1001 2085 eamdem
1015 2025 1042 2083 cl.
1064 2013 1107 2103 (p.
1122 2024 1143 2081 4

125 2123 215 2182 buius
240 2114 403 2204 editionis).
449 2122 665 2183 Desiderantur
694 2122 790 2197 igitur
815 2122 906 2181 index
933 2119 1143 2197 capitulorum,

125 2215 262 2281 Marcelli
285 2220 417 2297 epistula
440 2221 479 2279 ad
500 2220 579 2279 filios
603 2220 687 2298 data,
714 2220 778 2278 tres
801 2217 1035 2294 disputationes,
1063 2234 1141 2291 quae

126 2321 198 2379 sunt
212 2318 248 2378 de
261 2318 411 2379 mensuris
425 2322 456 2378 et
473 2317 657 2394 ponderibus
675 2315 913 2393 medicinalibus,
932 2315 1010 2375 duae
1024 2313 1142 2391 Latine,

125 2417 218 2476 tertia
245 2415 358 2475 Graece
391 2414 528 2491 scriptae.
576 2414 642 2485 Qua
671 2413 789 2474 iactura
818 2414 910 2489 primi
936 2412 1143 2489 quaternionis

124 2514 175 2574 vel
193 2513 338 2573 ternionis
357 2513 471 2573 factum
490 2514 546 2592 est,
563 2514 601 2570 ut
618 2510 707 2571 bodie
726 2530 876 2587 nusquam
893 2511 926 2570 in
943 2511 1044 2571 codice
1063 2510 1143 2568 Mar·

125 2611 194 2670 celli
212 2630 321 2671 nomen
339 2610 520 2687 reperiatur,
544 2609 582 2668 ob
601 2627 728 2683 eamque
747 2626 876 2681 causam,
895 2626 933 2666 ne
951 2606 1044 2667 codex
1063 2606 1143 2665 esset

125 2726 302 2785 anonymus,
325 2706 371 2768 vir
395 2708 500 2768 doctus
522 2705 701 2784 recentioris
719 2705 829 2765 aetatis
850 2705 882 2763 iu
899 2703 1036 2780 margine
1054 2702 1145 2778 primi

126 2804 192 2865 folii
214 2806 348 2881 scripsit:
382 2805 550 2866 Vindictam
571 2805 716 2865 medicim
743 2800 908 2879 eademque
935 2800 1085 2862 vocabula
1111 2801 1144 2860 in

126 2905 248 2981 tergore
270 2902 343 2963 libri
360 2902 473 2963 litteris
492 2901 592 2961 aureis
612 2902 760 2976 impressa
778 2904 856 2962 sunt.
890 2900 948 2961 Sed
965 2919 1027 2961 non
1045 2900 1144 2959 solum

126 3000 256 3079 initium,
269 3020 375 3061 verum
389 3000 480 3060 etiam
494 2999 562 3059 linis
576 2998 686 3060 codicis
700 3001 875 3074 temporum
892 2998 1006 3057 iniuria
1019 2997 1144 3074 Interiit,

126 3097 236 3158 desinit
258 3098 337 3157 enim
360 3099 391 3157 in
413 3097 582 3159 vocabulis:
604 3096 730 3170 Spicum
752 3114 786 3156 ec
802 3098 878 3170 pede
899 3097 944 3155 ccl
966 3112 1145 3170 qumque

126 3198 255 3270 coporis
276 3200 365 3271 porte
395 3186 434 3276 (c.
454 3192 548 3273 34,85
568 3216 596 3272 p.
619 3197 682 3256 356
702 3195 731 3254 b.
751 3186 820 3276 ed).
871 3192 969 3263 Quam
995 3191 1144 3252 iacturam

0 3329 1 3334 κ
127 3292 268 3353 extremis
295 3292 413 3353 duobus
441 3293 691 3369 quaternionibus
721 3292 838 3353 amIssis
866 3293 1051 3350 contractam
1079 3307 1145 3349 esse

126 3388 202 3451 inita
224 3390 342 3450 ratione
372 3390 459 3450 facile
483 3390 643 3469 colligitur.
690 3388 749 3449 sed
771 3408 808 3447 ne
832 3387 925 3447 ceteri
948 3387 1069 3463 quidem
1092 3386 1145 3462 qui

126 3487 164 3547 ab
187 3487 274 3547 initio
298 3488 422 3548 fuerunt
445 3488 554 3548 codicis
577 3486 730 3547 terniones
752 3485 802 3547 vel
825 3483 1035 3561 quaterniones
1059 3484 1145 3566 nobis

1 3656 2 3659 Ἴ
127 3585 241 3647 servati
263 3589 348 3663 sunt;
377 3586 485 3646 desunt
513 3585 594 3645 euim
616 3584 705 3645 hodie
727 3582 939 3660 quaterniones
962 3580 990 3639 V
1014 3584 1045 3640 et
1068 3580 1145 3639 VIII

894 3678 931 3730 a*
