2609 4017
476 179 717 244 -303-

83 350 158 423 tem,
176 358 293 419 myrrae
316 341 421 400 unciae
445 339 652 421 quadrantem,
676 343 775 421 spicae
799 343 884 403 nardi
906 342 1024 405 Indicae
1047 363 1101 406 un·

82 433 150 492 ciac
171 436 343 508 sextantem,
369 430 431 506 opii
454 431 559 490 unciae
583 428 786 508 quadrantem,
810 433 892 491 croci
910 434 1102 514 semunciam,

80 519 199 598 piperis
222 517 303 596 longi
325 518 521 595 semunciam,
544 519 657 596 piperis
680 520 759 597 nigri
782 522 977 599 semunciam,
1000 529 1101 600 petro-

84 606 169 667 silini
193 638 232 649 -
253 604 275 685 l,
298 604 420 665 schoeni
442 638 487 647 -
505 605 525 665 l.
564 604 644 666 llaec
668 610 765 667 omnia
784 615 909 669 contusa
927 626 996 669 cum
1014 608 1102 669 mede

50 695 211 755 sdecocto
239 696 417 773 miscentur,
445 693 533 754 datur
562 712 598 753 ex
625 694 683 754 hoc
710 695 926 757 medicamento
958 707 1102 776 quantum

83 801 148 845 nux
172 781 302 843 avellana
326 799 362 841 ex
384 782 461 841 meri
483 781 597 859 cyathis
621 790 771 864 quattuor,
794 785 874 862 quod
897 793 928 846 et
950 787 1025 863 ipsis
1042 787 1101 864 pri·

84 874 143 932 mis
173 869 327 931 doloribus
352 878 382 929 et
404 869 593 948 postmodnm
617 871 755 951 prodest,
781 871 813 931 id
836 879 882 933 est
905 873 1101 934 medicamen·

84 968 151 1020 tnm
180 965 282 1019 ceroto
313 977 349 1018 ex
372 957 556 1018 malobathro
580 958 658 1019 lacto
681 958 797 1020 dnahns
819 960 954 1039 partibus
977 964 1103 1023 mixtum

85 1056 117 1108 et
140 1056 238 1109 totum
258 1054 340 1107 extra
359 1048 521 1125 inpositum
540 1049 572 1107 in
590 1055 694 1108 ventre
714 1047 875 1127 plurimum
894 1051 982 1110 iuvat.
1014 1049 1102 1109 Prae-

38 1154 69 1193 ιο
85 1144 170 1196 terea
198 1134 275 1195 hene
303 1135 374 1195 lacit
402 1141 432 1194 et
459 1135 494 1195 ad
519 1134 665 1196 stomachi
688 1135 870 1197 inflationem
893 1145 924 1196 et
946 1136 982 1197 ad
1006 1140 1103 1215 suspi-

84 1226 166 1285 rium
195 1233 226 1284 et
253 1222 289 1283 ad
316 1224 457 1283 iocineris
485 1222 618 1283 dolorem
646 1231 676 1284 et
704 1224 740 1284 ad
767 1232 881 1285 tussem
911 1233 941 1285 et
968 1225 1102 1285 adurae

86 1311 326 1373 destillationem.
367 1310 401 1370 ln
428 1309 485 1371 hac
508 1314 713 1389 conpositione
736 1313 848 1374 Acilius
871 1312 1005 1393 Hyginus
1028 1312 1102 1392 Cap-

86 1400 185 1480 padox
209 1398 368 1477 chirurgus
390 1398 501 1459 Romae
527 1398 599 1460 dicit
622 1400 735 1461 adiecta
761 1404 857 1461 casiae
882 1401 1011 1482 fistulae,
1034 1404 1102 1481 apii,

87 1490 219 1549 cinnami
246 1489 327 1566 paria
355 1487 486 1565 pondera
514 1494 545 1547 et
566 1506 621 1566 pro
645 1490 748 1567 pipere
772 1491 857 1567 nigro
881 1488 979 1549 album
1003 1497 1033 1549 et
1056 1507 1102 1549 ca·

43 1594 72 1635 15
89 1578 183 1638 storei
206 1578 305 1636 minus
328 1582 442 1654 partem
466 1579 586 1636 tertiam
607 1577 769 1658 victoriati,
797 1576 877 1655 quod
901 1580 944 1637 sic
968 1578 1102 1654 conposi-

87 1674 152 1726 tum
181 1663 306 1724 mirifice
334 1664 405 1724 lacit
432 1672 464 1724 et
486 1660 566 1744 <ad>
591 1666 744 1743 sanguinis
772 1666 961 1743 eruptionem
983 1663 1020 1723 de
1044 1672 1103 1725 sto·

87 1752 194 1814 macho
218 1759 368 1829 corrupto.

179 1840 277 1901 Colice
306 1839 430 1900 mirifica
459 1838 526 1901 Iulii
553 1839 638 1899 Bassi
665 1841 724 1899 cito
748 1839 839 1919 levat,
867 1839 936 1899 dein
959 1837 1067 1899 tollit
1059 1856 1101 1898 tn·
1122 1852 1137 1900 6

86 1930 226 1989 dationes
245 1928 302 1988 coli
321 1936 350 1989 et
368 1928 466 1988 omnis
483 1932 577 2006 partis
596 1929 744 2009 corporis,
762 1928 833 1988 facit
851 1935 882 1987 ct
901 1927 937 1987 ad
958 1927 1103 1987 stomachi

46 2036 74 2075 so
87 2015 307 2078 imbecillitates
334 2023 365 2076 ct
391 2016 429 2075 ad
456 2018 668 2077 intestinorum
695 2016 805 2095 alioqui
833 2015 979 2097 dolorem,
1012 2034 1101 2095 quem

88 2106 196 2166 Graeci
224 2104 379 2183 strophum
407 2103 567 2186 appellant,
594 2123 630 2164 ex
658 2123 733 2183 aqua
760 2106 907 2185 hysopum
930 2112 981 2165 aut
1003 2113 1102 2165 rutam

86 2198 238 2255 incoctam
260 2191 396 2253 habente.
430 2192 505 2253 ltem
522 2192 598 2253 hene
617 2193 688 2253 lacit
706 2193 743 2253 ad
762 2196 936 2273 sanguinem
955 2200 985 2253 et
1004 2212 1039 2253 ex
1058 2195 1102 2253 in·

87 2284 201 2343 teriore
224 2288 323 2361 parte;
346 2298 406 2341 uon
430 2283 510 2341 enim
527 2284 638 2360 patitur
657 2280 715 2341 late
733 2282 800 2342 fieri
817 2301 873 2343 nec
892 2284 974 2342 intus
993 2280 1102 2341 vulnus

88 2371 234 2449 converti,
257 2368 309 2429 sed
333 2376 363 2429 et
386 2371 444 2430 cito
469 2371 627 2447 supprimit
651 2372 825 2447 sanguinem
845 2377 876 2429 ct
893 2370 1001 2430 vulnus
1021 2370 1101 2445 cogit

48 2474 74 2514 ss
88 2461 179 2519 coire.
215 2456 350 2518 Dandum
373 2463 471 2517 autem
495 2456 542 2517 his
565 2455 813 2517 medicamentum
837 2475 873 2515 ex
895 2474 971 2534 aqua
989 2455 1102 2534 polium

88 2554 210 2608 coctum
228 2544 356 2605 habente
376 2554 427 2605 aut
446 2552 552 2606 rutam.
582 2543 708 2604 Prodest
723 2551 752 2604 et
765 2545 937 2603 torminosis
954 2551 983 2603 et
997 2541 1102 2603 coelia·

88 2636 134 2696 cis
158 2634 260 2693 datum
279 2651 316 2693 ex
334 2652 409 2712 aqua
428 2631 641 2694 centunculum
658 2631 781 2692 herbam
800 2634 948 2692 incoctam
965 2630 1103 2710 habente,

90 2739 181 2802 quam
204 2720 309 2782 Graeci
331 2719 506 2800 gnaphalida
530 2722 645 2800 dicunt,
672 2722 834 2781 autetiam
858 2719 954 2780 sorbis
977 2721 1102 2778 incoctis

91 2819 143 2871 ant
172 2808 291 2889 Syriaca
315 2808 430 2888 siliqua.
476 2809 611 2869 Lienosis
638 2809 727 2869 datur
755 2826 791 2867 cx
818 2806 914 2867 mulso
942 2806 988 2866 vel
1015 2824 1102 2885 passo

183 2960 318 3016 lminoe
340 2961 372 3015 in
394 2976 480 3029 marg.
504 2960 584 3024 adds
611 2960 671 3013 aas
693 2961 725 3013 ic
749 2960 806 3014 loco
829 2964 869 3014 est
890 2960 922 3013 in
944 2963 1021 3013 teactae
1045 2958 1103 3028 opii

90 3032 164 3101 qood
182 3032 275 3085 delent.
321 3030 415 3100 spicae
428 3030 510 3085 nardi
523 3000 636 3084 Indicae
650 3028 749 3085 unciae
763 3047 917 3085 sacrasacra
968 3030 1102 3083 4scoeni.

91 3107 108 3155 ὁ
127 3050 373 3156 medicamentum
442 3107 457 3156 ‘t
476 3101 611 3155 vocabula
628 3100 659 3154 id
678 3105 720 3155 est
738 3107 869 3169 corrupta
886 3116 941 3155 esse
958 3101 1103 3166 videntum

91 3174 156 3241 font.
175 3188 227 3227 sor.
246 3171 321 3226 idem
338 3171 411 3227 med.
516 3176 548 3225 10
567 3169 720 3227 inflatione.
818 3178 850 3226 12
871 3170 1102 3239 conpositionem.

93 3249 127 3299 13
146 3242 229 3313 dicit]
247 3244 331 3299 corba
347 3258 417 3311 qum
434 3246 585 3323 sequuntur
602 3244 716 3297 tnrbtda
733 3258 788 3297 essa
805 3243 940 3297 videntur.
988 3244 1020 3294 16
1040 3255 1102 3293 eru-

91 3314 197 3399 ptione.
281 3318 314 3368 18
333 3312 426 3368 Colice
444 3310 579 3436 mirifica}
599 3313 678 3367 Haec
696 3314 771 3368 Iuleo
787 3312 873 3366 Bassi
891 3311 973 3365 colice
989 3325 1046 3363 non
1063 3314 1103 3363 est

91 3386 124 3441 ic
145 3384 249 3451 codice,
275 3401 307 3439 m
330 3400 382 3467 qno
406 3383 539 3439 vocabolo
581 3387 645 3438 et
620 3383 764 3438 stomacho
788 3382 920 3450 corrupto
943 3382 969 3446 (ξ
988 3385 1004 3434 t
1023 3381 1102 3460 ectr.)

92 3456 283 3579 excipit
212 3456 383 3523 compositio,
405 3454 485 3509 noluo
502 3454 615 3508 initium
633 3458 687 3508 est.-
715 3453 758 3506 Ad
776 3450 832 3507 coli
851 3451 976 3506 dolorem
994 3448 1103 3505 faciunt

93 3544 141 3595 em
162 3542 207 3579 0111
227 3526 304 3597 (til
