2609 4017
499 208 718 272 „35-

98 370 180 451 quod
204 371 388 432 medicamen
412 374 443 432 in
462 371 570 451 pyxide
594 389 681 432 aerea
703 371 792 433 debet
814 375 938 455 reponis
952 375 1024 434 satis
1042 374 1115 435 utile

98 468 128 520 et
156 459 333 521 leueomatis
362 470 392 521 et
419 460 610 522 cicatricibus
634 468 665 521 et
687 460 825 521 omnibus
848 464 928 522 vitiis
951 461 1115 545 oculorum,

100 552 126 609 si
153 548 278 610 adsidue
306 550 375 610 inde
404 559 434 610 et
459 557 625 629 opportune
648 552 841 629 inungantur.
886 550 925 611 Ut
948 551 1170 613 leuoomatalte

99 637 257 699 oculorum
283 638 442 700 efficaciter
466 639 623 719 discutias,
652 638 779 718 ungulas
802 641 878 699 asini
901 642 1027 701 viventis
1047 640 1117 701 lima

70 736 129 787 set
152 727 244 788 scobe
269 746 370 788 earum
395 746 482 807 quam
506 730 696 809 tenuissimo,
720 730 771 806 qui
796 727 914 789 levitate
937 748 991 789 sua
1014 730 1116 791 oculos
1167 804 1173 811 ὡ

99 835 159 876 non
175 816 314 897 offendat,
337 835 405 877 cum
422 816 497 878 lacte
513 816 652 878 muliebri
670 818 762 877 mixto
780 817 953 895 frequenter
972 820 1116 897 inungite.

98 904 236 965 Araneus
260 904 344 966 albus
368 905 508 967 cruribus
530 905 712 985 longissimis
735 924 803 966 cum
827 905 892 966 oleo
915 914 1016 967 vetere
1042 919 1171 969 con-150

97 996 190 1055 tritus
209 1012 264 1073 per
282 996 485 1055 inunctionem
505 994 658 1055 adsiduam
682 994 847 1056 leuoomata
873 997 976 1056 eximit
999 1004 1029 1057 et
1049 997 1116 1057 ideo

98 1083 203 1162 plures
230 1102 300 1143 cum
328 1083 392 1144 oleo
421 1084 583 1144 sullieienti
611 1085 670 1145 teri
697 1092 829 1165 oportet,
856 1102 895 1144 ne
918 1092 986 1145 ante
1010 1087 1117 1146 contir-

57 1189 84 1227 ιο
99 1179 209 1232 matam
248 1173 402 1233 sanitatem
440 1172 624 1233 medicamen
661 1175 864 1234 necessarium
900 1173 985 1234 desit.
1036 1174 1170 1254 Cepalol

98 1261 187 1340 longa
216 1269 341 1322 contusa
370 1264 546 1341 exprimitur
575 1263 700 1341 eiusque
728 1280 819 1323 sucus
847 1262 1035 1341 opobalsamo
1064 1263 1118 1344 rel,

99 1350 181 1429 quod
210 1350 360 1411 efficacius
390 1358 450 1430 est,
480 1350 548 1411 lacti
572 1350 706 1411 mulieris
729 1351 878 1412 admixtus
901 1351 1065 1413 leucomata
1089 1361 1120 1413 et

98 1440 257 1500 cicatrices
286 1447 316 1501 et
340 1458 414 1519 quae
439 1438 544 1500 Graeci
567 1447 716 1519 argemata
739 1439 888 1520 appellant
910 1443 986 1501 miro
1010 1441 1118 1501 ellectu

98 1530 269 1589 inunctioni
292 1528 421 1589 adbibita
441 1536 581 1589 extenuat
600 1535 689 1608 atque
708 1536 855 1608 persanat.
898 1528 1050 1590 Anemone
1070 1529 1170 1590 di-1cu

56 1632 83 1672 15
98 1620 180 1679 citur
209 1635 224 1677 a
249 1616 369 1678 Graecis
397 1617 502 1698 herba,
532 1636 606 1696 quae
634 1626 746 1678 tautam
776 1620 836 1678 vim
859 1618 985 1678 remedii
1008 1617 1118 1678 habere

98 1706 245 1785 creditur,
273 1715 307 1767 ut
334 1715 449 1785 portata
477 1705 513 1767 ab
537 1725 572 1767 eo
601 1706 649 1766 vel
676 1706 823 1784 subligata
851 1706 926 1766 oollo
958 1708 1035 1789 eius,
1068 1708 1119 1785 qui

98 1795 256 1874 glaucoma
274 1798 398 1876 patitur,
412 1796 490 1856 intra
504 1795 568 1856 dies
583 1795 778 1875 quadraginta
793 1797 926 1874 quinque
943 1813 1012 1855 eum
1026 1798 1118 1855 sanis-

99 1887 211 1945 simum
230 1883 343 1945 reddat.
374 1883 413 1944 Ut
431 1884 583 1964 glaucoma
602 1886 750 1964 incipieus
769 1884 907 1944 celeriter
927 1884 1172 1963 discutiatur‚153

98 1973 225 2034 herbam
254 1972 414 2053 serpyllum
442 1972 575 2053 decoque
605 1983 634 2034 et
663 1975 728 2034 eius
755 1992 831 2053 aqua
860 1972 962 2034 oculos
995 1973 1119 2034 adsidue

58 2077 85 2116 20
99 2064 178 2144 fove,
201 2070 304 2142 postea
329 2064 395 2141 pice
418 2062 529 2142 liquida
553 2081 628 2142 pura
651 2081 685 2123 ac
711 2061 804 2123 nitida
826 2062 907 2123 velut
930 2062 1051 2143 collyrio
1074 2066 1119 2123 in·

98 2170 190 2232 unge,
213 2152 273 2211 cito
298 2153 424 2231 recipies
448 2153 612 2212 sanitatem.
652 2151 786 2213 Perdicis
810 2153 899 2212 unius
924 2151 1173 2231 iel‚opobal-154

100 2242 176 2302 sami
201 2240 340 2321 cyathum
369 2259 475 2321 unum,
503 2242 606 2320 cyperi
629 2239 744 2301 Sidonii
771 2240 868 2319 cyathi
896 2248 1011 2320 partem
1034 2240 1119 2301 dimi·

99 2330 194 2410 diam,
222 2331 292 2389 trita
320 2328 393 2389 haec
421 2337 451 2389 et
478 2330 514 2389 ad
544 2347 689 2389 summam
713 2329 861 2390 levitatem
884 2329 1028 2409 perducta
1051 2347 1119 2408 per·

100 2421 253 2497 mixtaque
267 2419 298 2478 in
313 2418 421 2498 pyxide
430 2417 569 2498 plumbea
583 2436 711 2498 repones
726 2426 756 2479 et
772 2420 945 2480 inunctione
960 2418 1118 2479 adversum

58 2521 85 2562 es
98 2508 284 2587 glaucomata
300 2513 330 2567 et
343 2507 507 2588 ypoohyses
522 2514 552 2568 et
566 2507 723 2586 caliginem
736 2508 812 2567 mire
823 2509 926 2567 uteris.
951 2506 1038 2568 Corvi
1052 2517 1172 2567 mer-15⁶

99 2599 161 2657 riui
186 2596 226 2656 iel
248 2597 417 2657 inunctioni
440 2595 604 2657 adhibitum
628 2595 770 2674 caligines
794 2594 886 2674 tollit,
912 2593 1066 2673 albugines
1090 2603 1120 2654 et

99 2686 259 2747 cicatrices
283 2692 432 2767 extenuat,
456 2703 561 2745 carnes
585 2691 793 2745 excrescentes
815 2685 978 2761 compescit
996 2683 1119 2744 fluores-

101 2793 160 2854 que
189 2773 344 2835 oculorum
373 2776 517 2854 reprimit.
563 2772 717 2855 Pisciculi,
748 2774 800 2851 qui
832 2790 942 2851 equum
966 2772 1173 2833 mariuum1to

101 2862 222 2945 similat,
246 2862 285 2923 lel
314 2881 437 2923 ovorum
461 2861 604 2923 albumini
628 2864 753 2923 mixtum
777 2868 898 2922 etcum
922 2860 987 2922 lana
1016 2861 1118 2923 sucida

59 2966 86 3005 ³0
100 2951 198 3013 oculis
226 2952 394 3030 adpositum
424 2951 528 3012 melius
557 2952 721 3012 remedium
751 2969 841 3029 supra
870 2953 990 3031 scriptis
1018 2950 1118 3013 oculo-

101 3059 170 3103 rum
195 3043 292 3102 causis
317 3059 404 3119 quam
428 3040 521 3101 ullum
546 3039 624 3100 aliud
647 3040 831 3101 medicamen
850 3049 1002 3118 praestare
1027 3043 1118 3101 mani·

102 3131 212 3191 festum
233 3137 287 3191 est.
321 3129 454 3191 Scrosrna
473 3129 559 3208 adipe
578 3132 694 3190 recenti
709 3131 735 3190 si
749 3132 817 3209 quis
832 3132 976 3190 contritos
991 3130 1114 3207 angulos
1122 3141 1172 3191 15⁷

101 3218 272 3299 oculorum,
296 3237 371 3297 quos
396 3218 502 3279 Graeci
525 3217 651 3279 canthus
675 3226 796 3298 vocant,
823 3220 951 3279 interius
975 3220 1118 3278 exterius·

102 3326 161 3387 que
184 3310 350 3388 inunxerit,
373 3306 560 3386 vermiculos,
584 3308 635 3386 qui
659 3308 740 3368 noxii
763 3314 833 3367 sunt
856 3306 958 3387 oculis,
981 3312 1120 3385 potenter

62 3408 88 3449 ³⁵
103 3396 213 3457 educit.
261 3396 366 3476 Sepiae
389 3403 465 3457 testa
489 3398 627 3476 interior,
651 3414 726 3476 quae
750 3396 846 3456 mollis
870 3402 929 3476 est,
952 3393 1174 3474 diligentis-158

107 3487 181 3545 sime
213 3488 283 3546 trita
317 3493 347 3545 et
378 3484 517 3546 muliebri
549 3484 623 3545 lacte
653 3487 799 3565 permixta
832 3493 921 3564 atque
953 3486 1120 3545 inunctioni

105 3573 236 3634 adbibita
265 3593 355 3654 supra
384 3574 471 3636 dictis
495 3572 649 3635 oculorum
679 3575 777 3635 causis
805 3573 966 3651 plurimum
991 3574 1120 3653 prodest.
