2609 4017
588 181 829 245 -318-

201 346 289 404 tritae
313 343 338 403 Χ
360 341 398 403 lll
421 360 458 403 ex
482 341 541 403 sale
565 349 595 403 et
618 345 725 420 exiguo
749 350 833 404 aceto
856 343 918 403 dati
940 360 1009 403 cum
1034 361 1122 422 aquae
1142 361 1208 423 cya-

201 432 262 494 this
285 432 322 492 Vl
350 432 425 494 biles
451 431 611 494 deducunt.
653 431 824 492 Meconidos
848 450 967 512 quoque
989 430 1098 492 herbae
1119 450 1208 492 sucus

201 521 314 602 cyathis
339 520 455 581 duobus
478 521 566 581 datus
589 520 719 581 detrahit
741 519 839 582 bilem.
877 518 1056 581 cucurbitae
1073 519 1209 580 domesti·
1283 510 1284 521 ’

201 628 253 671 cae
277 628 367 670 sucus
391 609 564 689 cyathorum
587 611 680 671 trium
698 629 767 671 cum
785 611 848 670 riui
866 608 926 670 albi
943 609 1078 670 calefacti
1094 607 1208 669 hemina

201 699 287 760 datus
316 704 346 758 et
374 697 431 758 olei
459 700 611 759 semuncia
640 698 770 759 detrahit
796 700 935 777 pituitam
967 706 998 758 et
1026 697 1126 778 bilem,
1154 698 1234 758 seds

201 793 331 867 oportet,
362 785 471 866 quibus
498 786 555 848 hoc
584 790 790 866 purgatorium
813 787 914 868 datur,
941 795 977 847 ut
998 796 1103 866 postca
1124 805 1207 865 quam

149 893 181 943 1o
199 875 363 955 plurimum
391 874 588 936 deambulent.
629 875 799 937 Damasonii
826 876 912 937 radix
939 875 1069 936 detrahit
1093 893 1208 936 sursum

200 963 400 1044 deorsumque
418 965 556 1043 pituitam
574 972 664 1045 atque
683 964 773 1026 bilem
792 972 822 1026 et
841 983 878 1025 ex
896 967 965 1025 vino
984 972 1015 1024 et
1028 982 1105 1043 aqua
1118 964 1208 1024 mulsa

200 1053 280 1135 data3
300 1054 352 1114 sed
371 1055 398 1114 si
415 1071 470 1132 par
489 1052 575 1114 sellas
596 1053 689 1133 aliqui
706 1055 799 1133 magis
817 1053 945 1115 voluerit
958 1055 1090 1134 purgari,
1108 1071 1207 1114 sucum

148 1158 180 1205 11
200 1148 308 1222 sumat,
333 1144 360 1202 si
387 1159 507 1202 sursum
535 1160 652 1223 versus,
680 1143 797 1203 radices
824 1144 890 1202 eius
917 1143 1051 1220 accipiat.
1097 1141 1207 1202 Veratri
1221 1155 1246 1195 ιο

200 1233 279 1310 nigri
301 1231 411 1291 radicis
435 1229 461 1290 Χ
485 1233 618 1291 semissis
641 1239 672 1292 ct
696 1233 760 1292 eius
778 1233 867 1292 tertia
885 1233 983 1310 portio
1001 1237 1073 1309 pota
1091 1249 1129 1290 ex
1146 1233 1207 1290 rino

199 1336 286 1397 passo
313 1337 369 1398 per
396 1319 482 1379 sellas
511 1319 640 1381 detrahit
667 1318 771 1400 bilem3
798 1322 909 1381 veratri
936 1337 1006 1379 vero
1035 1337 1129 1380 sucus
1156 1318 1210 1379 albi

199 1408 235 1468 ad
259 1425 428 1468 mensuram
453 1407 567 1468 denarii
588 1411 679 1470 unius
702 1416 792 1488 potus
811 1427 847 1469 ex
866 1426 954 1488 passo
978 1407 1109 1468 detrahit
1127 1410 1209 1486 pitoi·

146 1511 180 1560 18
199 1505 258 1557 tam
278 1504 308 1556 et
326 1515 380 1577 per
399 1499 541 1557 vomitum
561 1504 591 1558 et
609 1515 664 1577 per
683 1497 779 1558 sellas.
807 1496 989 1578 chamelaea,
1008 1515 1085 1576 quae
1103 1497 1211 1558 dicitur

199 1587 288 1647 restis
302 1585 405 1666 olivae,
421 1603 526 1664 aquam
541 1585 681 1666 detrahit,
694 1585 811 1646 calfacit
825 1588 904 1646 euim
918 1585 1095 1666 plurimum3
1111 1586 1210 1646 eadem
1221 1598 1244 1638 1⁵

197 1675 321 1753 prodest
343 1674 514 1754 hydropicis
535 1685 565 1736 et
584 1674 781 1754 elephantiam
799 1674 987 1754 habentibus,
1010 1676 1036 1735 si
1058 1677 1131 1753 quis
1150 1677 1211 1735 eins

198 1765 320 1824 seminis
348 1780 439 1841 grana
467 1781 591 1825 numero
615 1762 670 1823 xx
697 1763 814 1825 dederit
838 1783 874 1824 ex
898 1781 975 1842 aqua
997 1762 1106 1844 mulsa3
1135 1764 1211 1824 eius·

198 1852 265 1912 dem
285 1852 353 1912 lolia
374 1860 477 1913 tenera
495 1854 566 1912 trita
585 1860 614 1913 et
632 1854 665 1912 in
679 1851 814 1930 globulos
828 1853 948 1913 redacta
961 1870 1068 1930 aquam
1082 1861 1211 1931 movent,

198 1943 224 2000 si
243 1943 310 2019 quis
329 1959 362 2000 ea
381 1959 435 2018 per
453 1958 542 2002 anum
561 1942 711 2022 iniecerit;
734 1949 862 2020 prosunt
882 1943 962 2001 enim
981 1941 1065 2001 etad
1085 1941 1210 2001 duritias

196 2031 309 2088 ventris
332 2029 471 2089 laxandas
494 2037 524 2089 et
547 2030 583 2089 ad
606 2029 728 2090 morbos
751 2032 920 2091 interaneos
944 2029 1147 2108 depellendos.
1221 2039 1244 2080 w

145 2131 177 2180 19
285 2116 425 2195 Purgatio
448 2119 571 2198 ventris,
595 2137 671 2197 quae
694 2118 766 2179 iacit
787 2119 824 2178 ad
847 2117 1016 2179 lumborum
1040 2116 1162 2179 dolores
1182 2127 1211 2178 et

195 2205 232 2265 ad
261 2206 393 2266 omnium
421 2204 548 2266 febrium
578 2207 728 2268 molestias
755 2206 957 2287 depellendas,
987 2208 1097 2285 accipit
1123 2207 1210 2267 haec:

196 2293 369 2354 Scamoniae
384 2292 410 2353 Χ
424 2292 486 2372 llll,
505 2297 615 2356 veratri
633 2298 721 2376 nigri,
740 2299 831 2376 anesi,
849 2296 995 2375 afronitri,
1011 2296 1098 2356 nardi
1113 2295 1210 2376 Syria-

195 2401 256 2464 cae,
275 2384 381 2463 casiae,
400 2385 536 2465 cinnami,
556 2385 742 2463 singulorum
760 2383 787 2444 Χ
805 2383 906 2465 binos3
925 2384 1034 2445 dantur
1051 2383 1126 2445 haec
1141 2387 1209 2445 trita

195 2483 225 2533 et
251 2473 343 2533 mixta
370 2490 439 2533 cum
462 2490 555 2551 aquae
578 2472 692 2534 mulsae
715 2472 848 2554 hemina,
876 2473 964 2534 datur
986 2473 1140 2534 interdum
1162 2471 1243 2533 velas

195 2580 230 2622 ex
254 2569 338 2623 aceto
361 2561 408 2622 vel
431 2579 467 2622 ex
489 2561 576 2622 melle
600 2562 645 2622 vel
670 2581 706 2622 ex
727 2580 803 2641 aqua
822 2561 897 2644 sola3
920 2561 1012 2641 abigit
1031 2563 1120 2622 ctiam
1140 2580 1208 2623 con·

194 2658 315 2729 ceptum
338 2650 456 2711 feminis
480 2651 711 2730 praegnantibus
735 2651 845 2712 datum.

140 2751 175 2800 20
282 2738 423 2817 Purgatio
447 2741 560 2799 ventris
583 2738 675 2800 altera
694 2742 751 2801 sic:
775 2739 947 2800 Scamoniae
967 2739 993 2799 Χ
1011 2736 1074 2819 llll,
1098 2740 1207 2799 veratri

193 2829 273 2905 nigri
296 2826 321 2886 Χ
340 2827 417 2907 XVI,
446 2831 527 2888 croci
549 2827 575 2886 Χ
599 2828 635 2908 V,
664 2846 780 2910 myrrae
803 2827 830 2888 Χ
853 2828 917 2909 Vll,
945 2829 1075 2889 cinnami
1098 2827 1124 2886 Χ
1148 2827 1207 2908 Vll,

192 2917 313 2993 panacis
336 2915 362 2974 Χ
380 2915 454 2996 Vlll,
476 2918 589 2996 piperis
612 2916 638 2976 Χ
657 2916 690 2997 V,
714 2917 852 2978 afronitri
874 2916 900 2976 Χ
919 2916 970 2997 v13
992 2919 1063 2977 trita
1083 2916 1159 2978 haec
1177 2925 1207 2977 ct
1219 2933 1242 2973 so

192 3005 223 3062 in
251 3002 404 3082 pulverem
432 3003 552 3065 redacta
579 3005 666 3066 melle
694 3013 942 3084 consparguntur.
983 3004 1077 3066 Datur
1101 3024 1138 3066 ex
1161 3005 1208 3065 his

193 3091 219 3152 Χ
238 3091 249 3152 l
270 3091 290 3152 S
314 3111 350 3153 ex
374 3110 466 3171 aqrrae
490 3093 614 3171 frigidae
637 3095 684 3156 rel
707 3095 819 3155 calidae
842 3094 956 3174 cyathis
979 3095 1085 3157 trihus.

141 3195 175 3243 21
283 3182 328 3242 Ad
351 3191 485 3242 ventrem
504 3181 662 3244 laxandum
680 3182 853 3245 cucurbitae
872 3182 1020 3244 silvaticae
1039 3186 1207 3244 interanea

192 3288 272 3352 rum,
306 3272 484 3353 scamoniae,
517 3271 652 3332 afronitri
688 3275 771 3352 paria
800 3272 931 3351 pondera
963 3274 994 3332 in
1027 3290 1122 3332 unum
1150 3274 1207 3333 teri

282 3482 296 3530 7
317 3475 485 3533 damcsonis.
549 3482 584 3532 14
603 3477 764 3533 chamaelee
781 3480 850 3548 pota
868 3495 949 3547 quae.
1014 3481 1046 3533 18
1064 3476 1206 3548 globolos.

193 3551 225 3598 19
245 3545 375 3600 duricies.
448 3552 482 3600 25
501 3563 575 3614 aqua
593 3548 694 3605 mulsa.
767 3555 802 3604 26
820 3548 900 3604 abiit.
