2609 4017
494 147 734 213 —311-

106 315 211 374 ieiuno
229 329 284 392 per
302 311 435 374 triduum
450 309 543 392 dabis,
562 311 723 372 efficaciter
737 311 912 390 proderunt.
941 312 1122 390 Sanguinem
1140 326 1177 376 33

107 401 256 481 anguillae
284 420 352 462 cum
376 398 492 460 rubello
514 401 582 460 vino
606 399 719 479 duplici
741 418 882 461 mensura
905 403 1068 480 coniunges
1092 411 1124 464 et

107 509 146 550 ox
170 508 246 570 aqua
269 489 370 569 tepida
392 491 517 550 mixtum
538 489 632 550 colico
651 491 751 551 ieiuno
770 489 855 550 dabis
873 488 1046 571 bibendum,
1069 490 1123 551 sed

106 578 167 640 sub
190 578 293 640 dolore
317 578 381 639 dari
403 586 533 659 oportet3
557 596 624 639 nam
649 587 680 638 et
701 597 844 658 praesens
862 579 1028 639 remedium
1046 578 1124 640 feret

77 677 141 729 333
165 670 197 729 13
221 669 355 729 loturum
378 665 482 727 morbo
506 667 679 728 huiusmodi
700 666 847 729 liberabit.

202 757 234 818 Si
252 757 394 817 adversus
413 754 511 817 colum
529 758 594 816 viro
612 755 778 816 remedium
794 774 869 834 opus
884 758 951 837 erit,
969 756 1006 818 de
1021 759 1123 839 ariete,
1142 769 1179 820 34

107 864 201 926 quem
235 844 324 925 lupus
356 845 514 925 occiderit,
546 844 698 906 fasciolam
725 863 801 924 puer
829 844 949 924 inpubis
979 845 1067 908 133133
1094 858 1125 909 33

105 935 180 996 inde
207 936 305 996 virum
332 933 368 994 ad
397 951 506 1013 eorpus
534 936 681 1014 accingat3
709 935 736 995 si
762 952 833 993 vero
860 933 980 995 mulieri
1005 936 1125 996 meden-

106 1025 183 1085 dum
207 1025 277 1104 erit,
306 1022 443 1083 similiter
467 1022 504 1082 de
528 1041 595 1104 ove,
623 1039 711 1103 quam
735 1022 824 1100 lupus
847 1023 1003 1103 occiderit,
1026 1023 1125 1103 puella

63 1131 91 1170 ro
106 1115 195 1192 virgo
219 1111 371 1191 cingulum
394 1112 482 1172 faciat
509 1118 539 1172 33
561 1111 718 1172 mulierem
740 1113 821 1172 31333
843 1129 953 1192 corpus
976 1115 1123 1195 accingat,

105 1202 272 1262 efficaciter
294 1200 427 1279 prodest.

200 1289 309 1368 Lepori
336 1291 401 1349 vivo
431 1289 523 1350 talum
556 1287 712 1350 abstrahes
741 1289 876 1368 pilosque
907 1291 972 1350 eius
1001 1289 1038 1349 de
1068 1289 1179 1353 331333

106 1387 215 1440 ventre
244 1377 329 1439 tolles
357 1386 445 1457 atque
473 1379 572 1457 ipsum
599 1380 700 1438 vivum
727 1378 873 1460 dimittes3
905 1378 941 1439 de
969 1378 1028 1440 illis
1056 1379 1125 1459 pilis

106 1467 158 1529 vel
180 1467 246 1528 1333
269 1467 351 1528 iilum
374 1467 503 1527 validum
526 1466 617 1527 133133
640 1475 731 1527 3333
754 1485 788 1527 33
811 1467 905 1528 talum
925 1467 1036 1547 leporis
1054 1486 1124 1528 con-

64 1574 91 1615 33
107 1556 217 1636 ligabis
236 1574 405 1635 corpusque
423 1554 586 1616 laborantis
604 1558 788 1636 praecinges,
806 1558 883 1616 miro
901 1556 1035 1616 remedio
1056 1555 1125 1616 sub·

107 1647 221 1706 venies.
257 1643 415 1705 Efficacius
439 1652 538 1704 tamen
561 1647 619 1704 erit
641 1644 816 1724 remedium,
838 1647 880 1705 ita
897 1652 932 1704 ut
949 1644 1125 1706 incredibile

109 1737 165 1816 sit,
193 1735 220 1794 si
247 1751 318 1794 casu
346 1751 379 1794 33
406 1735 519 1814 ipsum,
546 1732 577 1794 id
600 1741 647 1793 333
669 1732 762 1792 talum
784 1731 909 1814 leporis,
936 1735 968 1793 13
991 1741 1126 1795 stercore

109 1824 175 1902 lupi
202 1824 364 1904 inveneris,
392 1822 471 1900 quod
498 1823 540 1882 ita
568 1821 720 1882 custodire
748 1821 852 1902 debes,
879 1840 917 1882 ne
940 1830 992 1882 aut
1014 1830 1127 1883 terram

109 1919 214 1990 tangat
236 1918 287 1971 aut
310 1929 327 1970 a
349 1911 474 1971 muliere
498 1911 702 1990 contingatur,
730 1910 783 1970 sed
806 1929 861 1972 333
885 1910 968 1971 tilnm
991 1909 1065 1972 illud
1088 1912 1126 1973 de

66 2019 94 2058 20
110 2001 179 2061 lana
205 1999 316 2078 leporis
344 1999 456 2060 lactum
485 1997 575 2060 debet
604 1998 713 2060 mulier
743 1998 803 2060 ulla
833 2001 1016 2079 contingere.
1062 2000 1126 2062 Η33

110 2097 212 2150 autem
239 2088 405 2149 remedium
432 2106 500 2148 cum
524 2089 577 2148 uni
598 2088 759 2167 profuerit,
784 2088 821 2150 ad
845 2089 918 2150 alios
940 2089 1126 2172 translatum,

110 2196 182 2239 oum
205 2176 334 2238 volueris
354 2184 385 2237 et
403 2179 542 2255 quotiens
560 2177 700 2257 volueris,
723 2177 870 2259 proderit3
893 2177 976 2238 tilum
997 2197 1126 2260 quoqne,

110 2266 192 2350 qpod
226 2285 262 2326 ex
289 2265 354 2326 lana
382 2265 428 2326 vel
458 2265 539 2345 pilis,
572 2283 647 2343 quos
675 2265 712 2327 de
740 2276 844 2327 ventre
873 2266 983 2346 leporis
1012 2268 1127 2348 tuleris,

112 2355 194 2416 solus
217 2370 312 2434 purus
331 2362 367 2431 33
385 2354 498 2416 nitidus
517 2354 622 2434 lacies;
647 2355 726 2434 quod
745 2357 771 2415 si
789 2358 830 2415 ita
848 2358 947 2416 ventri
964 2355 1127 2418 laborantis

68 2460 96 2501 33
113 2442 322 2524 subligaveris,
348 2443 512 2523 plurimum
534 2442 683 2523 proderit,
711 2452 745 2503 ut
768 2443 882 2503 sublata
906 2443 971 2504 lana
993 2443 1127 2524 leporem

112 2535 213 2593 rivum
231 2532 364 2593 dimittas
383 2541 414 2593 33
433 2532 514 2592 dicas
533 2533 570 2609 31,
594 2531 665 2592 dnm
684 2531 809 2592 diruittis
828 2549 910 2592 eum:
933 2530 1024 2614 Fuge,
1048 2533 1126 2613 luge,

111 2621 274 2702 lepuscnle‚
300 2630 330 2682 et
353 2629 453 2682 tecum
476 2622 561 2682 33133
584 2619 642 2680 3311
665 2619 806 2680 dolorem.

201 2709 327 2771 Eulorbi
355 2709 505 2788 dragmam
533 2709 651 2787 rediges
679 2711 710 2769 in
739 2710 947 2769 tenuissimum
973 2707 1126 2787 pulverem
1145 2723 1180 2773 33

113 2808 143 2860 33
171 2817 208 2859 33
236 2817 271 2859 33
299 2808 400 2878 partes
426 2797 501 2860 duas
528 2798 632 2878 133133,
665 2816 755 2858 unam
787 2816 855 2858 cum
884 2814 938 2856 ovo
966 2799 1126 2858 semicocta

70 2905 99 2946 33
114 2889 215 2948 131333
233 2887 326 2948 331133
346 2886 439 2968 dabis,
457 2887 580 2948 alteram
599 2888 689 2947 tertio
709 2886 756 2946 die
776 2886 913 2948 similiter
927 2886 1032 2968 facies,
1051 2888 1127 2948 mire

113 2995 148 3037 ac
173 2977 237 3036 sine
260 2977 440 3055 repetitione
464 2974 635 3037 emendabis
659 2975 717 3036 coli
740 2974 882 3036 dolorem.

204 3063 376 3144 Conpositio
400 3064 510 3125 3311333
533 3065 687 3143 primaria:
710 3063 896 3144 Nardilolii,
919 3067 1018 3145 spicae
1042 3065 1128 3126 nardi
1145 3078 1181 3128 at

114 3153 222 3235 ludici,
245 3155 367 3234 amomi,
389 3155 502 3233 piperis
526 3152 597 3233 albi,
623 3156 709 3233 33331,
732 3155 895 3233 papaveris,
918 3153 1007 3214 lentis
1031 3153 1127 3232 Syria·

115 3260 166 3302 cae
181 3244 285 3303 uncias
300 3241 441 3324 singulas,
459 3259 584 3323 myrrae,
603 3242 772 3322 zingiberis,
788 3245 866 3302 asari
879 3241 996 3302 Pontici
1009 3259 1128 3302 semun-

203 3383 303 3432 2com
322 3377 438 3433 robello.
498 3377 646 3448 loporiit.
703 3375 878 3432 olibereaib
935 3381 966 3430 13
987 3375 1128 3434 domities.

117 3453 151 3502 18
173 3446 262 3502 debit.
372 3453 407 3502 24
429 3447 560 3503 nibilidus
584 3450 654 3519 (sic).
771 3444 960 3517 committis]
989 3445 1128 3505 dimittas.

116 3525 149 3572 32
167 3519 238 3575 lolia
256 3519 417 3576 Carnarius.

1171 3807 1291 3906 ,..
