<?xml version="1.0" encoding="UTF-8"?>
<!DOCTYPE html PUBLIC "-//W3C//DTD XHTML 1.0 Transitional//EN"
    "http://www.w3.org/TR/xhtml1/DTD/xhtml1-transitional.dtd">
<html xmlns="http://www.w3.org/1999/xhtml" xml:lang="en" lang="en">
 <head>
  <title>
</title>
<meta http-equiv="Content-Type" content="text/html;charset=utf-8" />
  <meta name='ocr-system' content='tesseract 3.04.00' />
  <meta name='ocr-capabilities' content='ocr_page ocr_carea ocr_par ocr_line ocrx_word'/>
</head>
<body>
  <div class='ocr_page' id='page_1' title='image "./marcellidemedic03helmgoog_0115.png"; bbox 0 0 2609 4017; ppageno 0'>
   <div class='ocr_carea' id='block_1_1' title="bbox 505 189 743 255">
    <p class='ocr_par' dir='ltr' id='par_1_1' title="bbox 505 189 743 255">
     <span class='ocr_line' id='line_1_1' title="bbox 505 189 743 255; baseline -0.008 0"><span class='ocrx_word' id='word_1_1' title='bbox 505 189 743 255; x_wconf 86' lang='lat'>-103-</span> 
     </span>
    </p>
   </div>
   <div class='ocr_carea' id='block_1_2' title="bbox 68 350 1185 3366">
    <p class='ocr_par' dir='ltr' id='par_1_2' title="bbox 68 350 1185 3366">
     <span class='ocr_line' id='line_1_2' title="bbox 108 350 1185 418; baseline 0.005 -6"><span class='ocrx_word' id='word_1_2' title='bbox 108 355 183 414; x_wconf 92' lang='lat' dir='ltr'>siue</span> <span class='ocrx_word' id='word_1_3' title='bbox 202 352 387 414; x_wconf 82' lang='lat' dir='ltr'>dubitatione</span> <span class='ocrx_word' id='word_1_4' title='bbox 406 350 529 412; x_wconf 86' lang='lat' dir='ltr'>sanabit.</span> <span class='ocrx_word' id='word_1_5' title='bbox 568 351 673 413; x_wconf 88' lang='lat' dir='ltr'>Salicis</span> <span class='ocrx_word' id='word_1_6' title='bbox 692 371 783 413; x_wconf 91' lang='lat' dir='ltr'>sucus</span> <span class='ocrx_word' id='word_1_7' title='bbox 802 352 940 413; x_wconf 83' lang='lat' dir='ltr'>loliorum</span> <span class='ocrx_word' id='word_1_8' title='bbox 960 371 1028 414; x_wconf 91' lang='lat' dir='ltr'>cum</span> <span class='ocrx_word' id='word_1_9' title='bbox 1047 372 1132 416; x_wconf 88' lang='lat' dir='ltr'>rosae</span> <span class='ocrx_word' id='word_1_10' title='bbox 1152 369 1185 418; x_wconf 88' lang='grc'>88</span> 
     </span>
     <span class='ocr_line' id='line_1_3' title="bbox 107 440 1133 504; baseline 0.001 -2"><span class='ocrx_word' id='word_1_11' title='bbox 107 460 189 502; x_wconf 88' lang='grc'>81188</span> <span class='ocrx_word' id='word_1_12' title='bbox 213 451 266 502; x_wconf 90' lang='grc'>881</span> <span class='ocrx_word' id='word_1_13' title='bbox 288 459 410 502; x_wconf 89' lang='lat' dir='ltr'>rosaceo</span> <span class='ocrx_word' id='word_1_14' title='bbox 433 440 498 501; x_wconf 90' lang='grc'>8188</span> <span class='ocrx_word' id='word_1_15' title='bbox 522 443 553 501; x_wconf 91' lang='grc'>18</span> <span class='ocrx_word' id='word_1_16' title='bbox 577 444 688 502; x_wconf 87' lang='grc'>8881188</span> <span class='ocrx_word' id='word_1_17' title='bbox 712 441 780 502; x_wconf 87' lang='grc'>81811</span> <span class='ocrx_word' id='word_1_18' title='bbox 800 441 904 502; x_wconf 87' lang='lat' dir='ltr'>Punici</span> <span class='ocrx_word' id='word_1_19' title='bbox 924 441 1083 503; x_wconf 83' lang='lat' dir='ltr'>calefactus</span> <span class='ocrx_word' id='word_1_20' title='bbox 1103 451 1133 504; x_wconf 91' lang='lat' dir='ltr'>et</span> 
     </span>
     <span class='ocr_line' id='line_1_4' title="bbox 108 530 1185 596; baseline 0.005 -5"><span class='ocrx_word' id='word_1_21' title='bbox 108 530 269 591; x_wconf 75' lang='lat' dir='ltr'>auriculae</span> <span class='ocrx_word' id='word_1_22' title='bbox 287 531 400 590; x_wconf 93' lang='lat' dir='ltr'>inditus</span> <span class='ocrx_word' id='word_1_23' title='bbox 418 531 494 591; x_wconf 91' lang='lat' dir='ltr'>mire</span> <span class='ocrx_word' id='word_1_24' title='bbox 518 533 676 591; x_wconf 81' lang='lat' dir='ltr'>succurrit.</span> <span class='ocrx_word' id='word_1_25' title='bbox 719 530 816 591; x_wconf 83' lang='lat' dir='ltr'><strong>Gallae</strong></span> <span class='ocrx_word' id='word_1_26' title='bbox 840 549 876 590; x_wconf 85' lang='lat' dir='ltr'>ex</span> <span class='ocrx_word' id='word_1_27' title='bbox 900 533 967 591; x_wconf 88' lang='lat' dir='ltr'>vino</span> <span class='ocrx_word' id='word_1_28' title='bbox 992 531 1132 592; x_wconf 81' lang='lat' dir='ltr'>decoctae</span> <span class='ocrx_word' id='word_1_29' title='bbox 1151 546 1185 596; x_wconf 79' lang='grc'>81</span> 
     </span>
     <span class='ocr_line' id='line_1_5' title="bbox 108 619 1132 700; baseline 0.002 -20"><span class='ocrx_word' id='word_1_30' title='bbox 108 637 204 680; x_wconf 87' lang='grc'>88188</span> <span class='ocrx_word' id='word_1_31' title='bbox 226 619 387 680; x_wconf 83' lang='lat' dir='ltr'>instillatus</span> <span class='ocrx_word' id='word_1_32' title='bbox 410 619 569 699; x_wconf 84' lang='lat' dir='ltr'>auriculae,</span> <span class='ocrx_word' id='word_1_33' title='bbox 592 637 628 679; x_wconf 86' lang='lat' dir='ltr'>ex</span> <span class='ocrx_word' id='word_1_34' title='bbox 653 638 709 698; x_wconf 90' lang='grc'>888</span> <span class='ocrx_word' id='word_1_35' title='bbox 733 619 925 698; x_wconf 75' lang='grc'>8881881811,</span> <span class='ocrx_word' id='word_1_36' title='bbox 948 623 1132 700; x_wconf 87' lang='grc'>8118818888</span> 
     </span>
     <span class='ocr_line' id='line_1_6' title="bbox 78 707 1185 788; baseline 0.005 -20"><span class='ocrx_word' id='word_1_37' title='bbox 78 711 230 769; x_wconf 73' lang='lat' dir='ltr'>uiuerint</span> <span class='ocrx_word' id='word_1_38' title='bbox 262 708 420 786; x_wconf 87' lang='lat' dir='ltr'>purulenta</span> <span class='ocrx_word' id='word_1_39' title='bbox 448 707 595 788; x_wconf 90' lang='lat' dir='ltr'>purgabit.</span> <span class='ocrx_word' id='word_1_40' title='bbox 641 708 750 770; x_wconf 88' lang='lat' dir='ltr'>Resina</span> <span class='ocrx_word' id='word_1_41' title='bbox 779 707 980 770; x_wconf 85' lang='lat' dir='ltr'>terebinthina</span> <span class='ocrx_word' id='word_1_42' title='bbox 1008 714 1132 771; x_wconf 88' lang='lat' dir='ltr'>remissa</span> <span class='ocrx_word' id='word_1_43' title='bbox 1151 723 1185 773; x_wconf 88' lang='grc'>88</span> 
     </span>
     <span class='ocr_line' id='line_1_7' title="bbox 108 794 1132 877; baseline 0.003 -20"><span class='ocrx_word' id='word_1_44' title='bbox 108 797 233 857; x_wconf 89' lang='grc'>81118818</span> <span class='ocrx_word' id='word_1_45' title='bbox 261 795 400 858; x_wconf 89' lang='lat' dir='ltr'>muliebri</span> <span class='ocrx_word' id='word_1_46' title='bbox 427 794 502 858; x_wconf 91' lang='lat' dir='ltr'>lacte</span> <span class='ocrx_word' id='word_1_47' title='bbox 531 796 1132 877; x_wconf 83' lang='grc'>188111181818818888818818888188188</span> 
     </span>
     <span class='ocr_line' id='line_1_8' title="bbox 109 884 1184 966; baseline 0.005 -20"><span class='ocrx_word' id='word_1_48' title='bbox 109 896 210 946; x_wconf 91' lang='lat' dir='ltr'>sanat.</span> <span class='ocrx_word' id='word_1_49' title='bbox 255 884 348 946; x_wconf 89' lang='lat' dir='ltr'>Nucis</span> <span class='ocrx_word' id='word_1_50' title='bbox 374 885 521 964; x_wconf 91' lang='lat' dir='ltr'>iuglandis</span> <span class='ocrx_word' id='word_1_51' title='bbox 548 885 687 946; x_wconf 88' lang='lat' dir='ltr'>loliorum</span> <span class='ocrx_word' id='word_1_52' title='bbox 717 905 807 947; x_wconf 91' lang='lat' dir='ltr'>sucus</span> <span class='ocrx_word' id='word_1_53' title='bbox 831 887 949 966; x_wconf 88' lang='lat' dir='ltr'>tepidus</span> <span class='ocrx_word' id='word_1_54' title='bbox 972 888 1131 950; x_wconf 88' lang='lat' dir='ltr'>instillatus</span> <span class='ocrx_word' id='word_1_55' title='bbox 1151 903 1184 952; x_wconf 92' lang='grc'>88</span> 
     </span>
     <span class='ocr_line' id='line_1_9' title="bbox 107 974 1184 1055; baseline 0.006 -21"><span class='ocrx_word' id='word_1_56' title='bbox 107 974 230 1034; x_wconf 86' lang='grc'>11818811</span> <span class='ocrx_word' id='word_1_57' title='bbox 256 974 406 1036; x_wconf 87' lang='lat' dir='ltr'>auriculae</span> <span class='ocrx_word' id='word_1_58' title='bbox 433 976 509 1034; x_wconf 91' lang='lat' dir='ltr'>mire</span> <span class='ocrx_word' id='word_1_59' title='bbox 536 974 678 1053; x_wconf 87' lang='lat' dir='ltr'>proderit.</span> <span class='ocrx_word' id='word_1_60' title='bbox 724 974 840 1055; x_wconf 83' lang='lat' dir='ltr'>Myrrae</span> <span class='ocrx_word' id='word_1_61' title='bbox 869 978 956 1037; x_wconf 90' lang='lat' dir='ltr'>tritae</span> <span class='ocrx_word' id='word_1_62' title='bbox 983 979 1131 1039; x_wconf 80' lang='lat' dir='ltr'>victoriati</span> <span class='ocrx_word' id='word_1_63' title='bbox 1150 991 1184 1040; x_wconf 87' lang='grc' dir='ltr'>8ο</span> 
     </span>
     <span class='ocr_line' id='line_1_10' title="bbox 107 1063 1131 1143; baseline 0.002 -19"><span class='ocrx_word' id='word_1_64' title='bbox 107 1065 252 1142; x_wconf 90' lang='lat' dir='ltr'>argentei</span> <span class='ocrx_word' id='word_1_65' title='bbox 278 1064 395 1142; x_wconf 91' lang='lat' dir='ltr'>pondus</span> <span class='ocrx_word' id='word_1_66' title='bbox 422 1074 453 1124; x_wconf 87' lang='lat' dir='ltr'>et</span> <span class='ocrx_word' id='word_1_67' title='bbox 479 1063 562 1124; x_wconf 91' lang='lat' dir='ltr'>lanae</span> <span class='ocrx_word' id='word_1_68' title='bbox 590 1063 710 1125; x_wconf 86' lang='lat' dir='ltr'>sucidae</span> <span class='ocrx_word' id='word_1_69' title='bbox 739 1083 798 1124; x_wconf 92' lang='grc'>888</span> <span class='ocrx_word' id='word_1_70' title='bbox 827 1072 945 1143; x_wconf 86' lang='lat' dir='ltr'>carptae</span> <span class='ocrx_word' id='word_1_71' title='bbox 969 1065 1131 1126; x_wconf 88' lang='lat' dir='ltr'>conbustae</span> 
     </span>
     <span class='ocr_line' id='line_1_11' title="bbox 68 1152 1131 1234; baseline 0.001 -21"><span class='ocrx_word' id='word_1_72' title='bbox 68 1165 96 1206; x_wconf 83' lang='lat'>1⁰</span> <span class='ocrx_word' id='word_1_73' title='bbox 110 1152 250 1231; x_wconf 86' lang='lat' dir='ltr'>pulveris</span> <span class='ocrx_word' id='word_1_74' title='bbox 269 1153 443 1212; x_wconf 86' lang='lat' dir='ltr'>tantundem</span> <span class='ocrx_word' id='word_1_75' title='bbox 462 1154 563 1212; x_wconf 91' lang='lat' dir='ltr'>inluso</span> <span class='ocrx_word' id='word_1_76' title='bbox 579 1170 667 1231; x_wconf 89' lang='lat' dir='ltr'>passo</span> <span class='ocrx_word' id='word_1_77' title='bbox 683 1153 800 1213; x_wconf 85' lang='lat' dir='ltr'>Cretico</span> <span class='ocrx_word' id='word_1_78' title='bbox 819 1154 907 1214; x_wconf 90' lang='lat' dir='ltr'>simul</span> <span class='ocrx_word' id='word_1_79' title='bbox 925 1156 1021 1234; x_wconf 88' lang='lat' dir='ltr'>terito,</span> <span class='ocrx_word' id='word_1_80' title='bbox 1037 1154 1131 1215; x_wconf 90' lang='lat' dir='ltr'>donec</span> 
     </span>
     <span class='ocr_line' id='line_1_12' title="bbox 109 1240 1131 1322; baseline 0.002 -21"><span class='ocrx_word' id='word_1_81' title='bbox 109 1242 151 1301; x_wconf 95' lang='lat' dir='ltr'>ad</span> <span class='ocrx_word' id='word_1_82' title='bbox 166 1241 395 1302; x_wconf 90' lang='lat' dir='ltr'>crassitudinem</span> <span class='ocrx_word' id='word_1_83' title='bbox 411 1240 506 1301; x_wconf 91' lang='lat' dir='ltr'>mellis</span> <span class='ocrx_word' id='word_1_84' title='bbox 520 1242 651 1322; x_wconf 72' lang='lat' dir='ltr'>redigas,</span> <span class='ocrx_word' id='word_1_85' title='bbox 666 1250 729 1302; x_wconf 92' lang='lat' dir='ltr'>tum</span> <span class='ocrx_word' id='word_1_86' title='bbox 744 1242 920 1303; x_wconf 81' lang='lat' dir='ltr'>calefactum</span> <span class='ocrx_word' id='word_1_87' title='bbox 932 1261 986 1321; x_wconf 92' lang='lat' dir='ltr'>per</span> <span class='ocrx_word' id='word_1_88' title='bbox 999 1243 1131 1304; x_wconf 89' lang='lat' dir='ltr'>triduum</span> 
     </span>
     <span class='ocr_line' id='line_1_13' title="bbox 109 1329 1130 1410; baseline 0.002 -20"><span class='ocrx_word' id='word_1_89' title='bbox 109 1329 267 1391; x_wconf 89' lang='lat' dir='ltr'>auriculae</span> <span class='ocrx_word' id='word_1_90' title='bbox 290 1329 448 1410; x_wconf 82' lang='lat' dir='ltr'>infundite,</span> <span class='ocrx_word' id='word_1_91' title='bbox 472 1338 577 1409; x_wconf 91' lang='lat' dir='ltr'>quarta</span> <span class='ocrx_word' id='word_1_92' title='bbox 600 1330 648 1391; x_wconf 93' lang='lat' dir='ltr'>die</span> <span class='ocrx_word' id='word_1_93' title='bbox 672 1331 773 1391; x_wconf 87' lang='lat' dir='ltr'>sanam</span> <span class='ocrx_word' id='word_1_94' title='bbox 797 1331 910 1392; x_wconf 86' lang='lat' dir='ltr'>efficies</span> <span class='ocrx_word' id='word_1_95' title='bbox 933 1342 963 1392; x_wconf 90' lang='lat' dir='ltr'>et</span> <span class='ocrx_word' id='word_1_96' title='bbox 984 1331 1130 1392; x_wconf 88' lang='lat' dir='ltr'>mirabere</span> 
     </span>
     <span class='ocr_line' id='line_1_14' title="bbox 110 1418 1183 1501; baseline 0.004 -23"><span class='ocrx_word' id='word_1_97' title='bbox 110 1436 256 1497; x_wconf 90' lang='lat' dir='ltr'>magnum</span> <span class='ocrx_word' id='word_1_98' title='bbox 283 1419 456 1479; x_wconf 88' lang='lat' dir='ltr'>remedium.</span> <span class='ocrx_word' id='word_1_99' title='bbox 502 1418 593 1479; x_wconf 85' lang='lat' dir='ltr'>Turis</span> <span class='ocrx_word' id='word_1_100' title='bbox 626 1419 767 1500; x_wconf 90' lang='lat' dir='ltr'>masculi,</span> <span class='ocrx_word' id='word_1_101' title='bbox 798 1439 913 1500; x_wconf 80' lang='lat' dir='ltr'>myrrae</span> <span class='ocrx_word' id='word_1_102' title='bbox 946 1420 1131 1501; x_wconf 80' lang='lat' dir='ltr'>troglodytis,</span> <span class='ocrx_word' id='word_1_103' title='bbox 1150 1433 1183 1484; x_wconf 86' lang='lat'>91</span> 
     </span>
     <span class='ocr_line' id='line_1_15' title="bbox 109 1507 1130 1589; baseline 0 -21"><span class='ocrx_word' id='word_1_104' title='bbox 109 1509 198 1568; x_wconf 91' lang='lat' dir='ltr'>croci</span> <span class='ocrx_word' id='word_1_105' title='bbox 221 1507 338 1587; x_wconf 78' lang='lat' dir='ltr'>Corycii</span> <span class='ocrx_word' id='word_1_106' title='bbox 361 1507 535 1568; x_wconf 86' lang='lat' dir='ltr'>tantundem</span> <span class='ocrx_word' id='word_1_107' title='bbox 559 1508 713 1589; x_wconf 90' lang='lat' dir='ltr'>ponderis,</span> <span class='ocrx_word' id='word_1_108' title='bbox 742 1527 854 1569; x_wconf 90' lang='lat' dir='ltr'>nucum</span> <span class='ocrx_word' id='word_1_109' title='bbox 877 1528 995 1588; x_wconf 88' lang='lat' dir='ltr'>quoque</span> <span class='ocrx_word' id='word_1_110' title='bbox 1020 1527 1130 1570; x_wconf 89' lang='lat' dir='ltr'>amara-</span> 
     </span>
     <span class='ocr_line' id='line_1_16' title="bbox 68 1596 1131 1676; baseline 0.008 -26"><span class='ocrx_word' id='word_1_111' title='bbox 68 1608 183 1657; x_wconf 84' lang='grc'>1188111</span> <span class='ocrx_word' id='word_1_112' title='bbox 202 1596 376 1657; x_wconf 86' lang='lat' dir='ltr'>tantundem</span> <span class='ocrx_word' id='word_1_113' title='bbox 395 1596 548 1676; x_wconf 71' lang='lat' dir='ltr'>miscebis,</span> <span class='ocrx_word' id='word_1_114' title='bbox 571 1597 622 1657; x_wconf 94' lang='lat' dir='ltr'>sed</span> <span class='ocrx_word' id='word_1_115' title='bbox 645 1599 743 1658; x_wconf 88' lang='lat' dir='ltr'>omnia</span> <span class='ocrx_word' id='word_1_116' title='bbox 763 1597 798 1656; x_wconf 92' lang='lat' dir='ltr'>ad</span> <span class='ocrx_word' id='word_1_117' title='bbox 818 1598 1131 1659; x_wconf 87' lang='grc'>8818188811811181881</span> 
     </span>
     <span class='ocr_line' id='line_1_17' title="bbox 111 1685 1131 1764; baseline 0 -18"><span class='ocrx_word' id='word_1_118' title='bbox 111 1687 245 1746; x_wconf 86' lang='lat' dir='ltr'>coutrita</span> <span class='ocrx_word' id='word_1_119' title='bbox 263 1685 378 1746; x_wconf 89' lang='grc'>81118818</span> <span class='ocrx_word' id='word_1_120' title='bbox 393 1693 477 1745; x_wconf 88' lang='grc'>88818</span> <span class='ocrx_word' id='word_1_121' title='bbox 491 1685 681 1764; x_wconf 80' lang='lat' dir='ltr'>temperabis,</span> <span class='ocrx_word' id='word_1_122' title='bbox 700 1689 740 1746; x_wconf 90' lang='lat' dir='ltr'>lta</span> <span class='ocrx_word' id='word_1_123' title='bbox 756 1694 788 1745; x_wconf 92' lang='grc'>81</span> <span class='ocrx_word' id='word_1_124' title='bbox 803 1686 985 1746; x_wconf 88' lang='lat' dir='ltr'>medicamen</span> <span class='ocrx_word' id='word_1_125' title='bbox 1000 1687 1037 1747; x_wconf 93' lang='lat' dir='ltr'>ad</span> <span class='ocrx_word' id='word_1_126' title='bbox 1051 1704 1131 1746; x_wconf 88' lang='grc'>8888-</span> 
     </span>
     <span class='ocr_line' id='line_1_18' title="bbox 110 1773 1131 1855; baseline -0.001 -20"><span class='ocrx_word' id='word_1_127' title='bbox 110 1774 277 1835; x_wconf 86' lang='grc'>81181118818</span> <span class='ocrx_word' id='word_1_128' title='bbox 305 1773 412 1853; x_wconf 88' lang='lat' dir='ltr'>liquidi</span> <span class='ocrx_word' id='word_1_129' title='bbox 439 1773 535 1834; x_wconf 92' lang='lat' dir='ltr'>mellis</span> <span class='ocrx_word' id='word_1_130' title='bbox 560 1774 703 1855; x_wconf 74' lang='lat' dir='ltr'>adducas,</span> <span class='ocrx_word' id='word_1_131' title='bbox 730 1782 794 1835; x_wconf 89' lang='lat' dir='ltr'>tum</span> <span class='ocrx_word' id='word_1_132' title='bbox 821 1777 851 1834; x_wconf 95' lang='lat' dir='ltr'>iu</span> <span class='ocrx_word' id='word_1_133' title='bbox 875 1775 1012 1853; x_wconf 80' lang='lat' dir='ltr'>pyxidem</span> <span class='ocrx_word' id='word_1_134' title='bbox 1037 1774 1131 1853; x_wconf 89' lang='lat' dir='ltr'>plum-</span> 
     </span>
     <span class='ocr_line' id='line_1_19' title="bbox 110 1862 1131 1942; baseline 0.002 -18"><span class='ocrx_word' id='word_1_135' title='bbox 110 1863 202 1924; x_wconf 85' lang='lat' dir='ltr'>bearn</span> <span class='ocrx_word' id='word_1_136' title='bbox 220 1863 396 1924; x_wconf 86' lang='lat' dir='ltr'>transluude</span> <span class='ocrx_word' id='word_1_137' title='bbox 414 1871 503 1942; x_wconf 89' lang='lat' dir='ltr'>atque</span> <span class='ocrx_word' id='word_1_138' title='bbox 521 1862 582 1924; x_wconf 95' lang='grc'>11118</span> <span class='ocrx_word' id='word_1_139' title='bbox 600 1862 658 1924; x_wconf 89' lang='lat' dir='ltr'>sub</span> <span class='ocrx_word' id='word_1_140' title='bbox 676 1862 828 1942; x_wconf 84' lang='lat' dir='ltr'>signaculo</span> <span class='ocrx_word' id='word_1_141' title='bbox 847 1864 999 1924; x_wconf 91' lang='lat' dir='ltr'>conditum</span> <span class='ocrx_word' id='word_1_142' title='bbox 1013 1863 1131 1926; x_wconf 90' lang='lat' dir='ltr'>habeto.</span> 
     </span>
     <span class='ocr_line' id='line_1_20' title="bbox 111 1951 1131 2032; baseline 0.001 -19"><span class='ocrx_word' id='word_1_143' title='bbox 111 1951 191 2013; x_wconf 89' lang='lat' dir='ltr'>Cum</span> <span class='ocrx_word' id='word_1_144' title='bbox 214 1970 291 2031; x_wconf 87' lang='lat' dir='ltr'>opos</span> <span class='ocrx_word' id='word_1_145' title='bbox 314 1952 413 2032; x_wconf 82' lang='lat' dir='ltr'>luerit,</span> <span class='ocrx_word' id='word_1_146' title='bbox 435 1960 561 2031; x_wconf 88' lang='lat' dir='ltr'>purgata</span> <span class='ocrx_word' id='word_1_147' title='bbox 583 1953 668 2031; x_wconf 89' lang='lat' dir='ltr'>prius</span> <span class='ocrx_word' id='word_1_148' title='bbox 692 1952 823 2013; x_wconf 89' lang='lat' dir='ltr'>auricula</span> <span class='ocrx_word' id='word_1_149' title='bbox 847 1962 945 2032; x_wconf 89' lang='lat' dir='ltr'>utere,</span> <span class='ocrx_word' id='word_1_150' title='bbox 973 1954 1014 2012; x_wconf 90' lang='lat' dir='ltr'>ita</span> <span class='ocrx_word' id='word_1_151' title='bbox 1038 1960 1071 2013; x_wconf 92' lang='grc'>111</span> <span class='ocrx_word' id='word_1_152' title='bbox 1095 1972 1131 2014; x_wconf 82' lang='lat' dir='ltr'>ex</span> 
     </span>
     <span class='ocr_line' id='line_1_21' title="bbox 69 2039 1130 2121; baseline 0.001 -19"><span class='ocrx_word' id='word_1_153' title='bbox 69 2051 97 2093; x_wconf 73' lang='lat'>²⁰</span> <span class='ocrx_word' id='word_1_154' title='bbox 112 2059 150 2102; x_wconf 92' lang='grc'>88</span> <span class='ocrx_word' id='word_1_155' title='bbox 180 2039 309 2101; x_wconf 89' lang='grc'>18881818</span> <span class='ocrx_word' id='word_1_156' title='bbox 337 2040 531 2101; x_wconf 82' lang='lat' dir='ltr'>madefactam</span> <span class='ocrx_word' id='word_1_157' title='bbox 562 2043 686 2101; x_wconf 89' lang='grc'>1888888.</span> <span class='ocrx_word' id='word_1_158' title='bbox 736 2039 799 2102; x_wconf 90' lang='lat' dir='ltr'>Hoc</span> <span class='ocrx_word' id='word_1_159' title='bbox 829 2041 938 2102; x_wconf 90' lang='grc'>8811118</span> <span class='ocrx_word' id='word_1_160' title='bbox 969 2061 1064 2121; x_wconf 88' lang='grc'>88888</span> <span class='ocrx_word' id='word_1_161' title='bbox 1093 2042 1130 2103; x_wconf 90' lang='lat' dir='ltr'>ad</span> 
     </span>
     <span class='ocr_line' id='line_1_22' title="bbox 111 2131 1130 2211; baseline 0.002 -21"><span class='ocrx_word' id='word_1_162' title='bbox 111 2131 279 2209; x_wconf 88' lang='lat' dir='ltr'>perlectam</span> <span class='ocrx_word' id='word_1_163' title='bbox 307 2132 463 2190; x_wconf 90' lang='lat' dir='ltr'>sanitatem</span> <span class='ocrx_word' id='word_1_164' title='bbox 490 2131 536 2190; x_wconf 90' lang='lat' dir='ltr'>nti</span> <span class='ocrx_word' id='word_1_165' title='bbox 558 2133 685 2211; x_wconf 80' lang='lat' dir='ltr'>poteris3</span> <span class='ocrx_word' id='word_1_166' title='bbox 714 2148 841 2208; x_wconf 89' lang='lat' dir='ltr'>namque</span> <span class='ocrx_word' id='word_1_167' title='bbox 870 2149 928 2190; x_wconf 92' lang='grc'>888</span> <span class='ocrx_word' id='word_1_168' title='bbox 957 2131 1050 2192; x_wconf 90' lang='grc'>881818</span> <span class='ocrx_word' id='word_1_169' title='bbox 1080 2131 1130 2192; x_wconf 93' lang='lat' dir='ltr'>do·</span> 
     </span>
     <span class='ocr_line' id='line_1_23' title="bbox 113 2218 1130 2299; baseline 0 -19"><span class='ocrx_word' id='word_1_170' title='bbox 113 2220 195 2280; x_wconf 91' lang='lat' dir='ltr'>lures</span> <span class='ocrx_word' id='word_1_171' title='bbox 222 2220 353 2298; x_wconf 90' lang='lat' dir='ltr'>aurium,</span> <span class='ocrx_word' id='word_1_172' title='bbox 380 2219 434 2280; x_wconf 89' lang='lat' dir='ltr'>sed</span> <span class='ocrx_word' id='word_1_173' title='bbox 462 2227 493 2279; x_wconf 90' lang='lat' dir='ltr'>et</span> <span class='ocrx_word' id='word_1_174' title='bbox 521 2227 621 2280; x_wconf 89' lang='lat' dir='ltr'>vetera</span> <span class='ocrx_word' id='word_1_175' title='bbox 649 2228 680 2280; x_wconf 91' lang='lat' dir='ltr'>et</span> <span class='ocrx_word' id='word_1_176' title='bbox 706 2218 864 2297; x_wconf 87' lang='lat' dir='ltr'>purulenta</span> <span class='ocrx_word' id='word_1_177' title='bbox 888 2220 959 2280; x_wconf 89' lang='lat' dir='ltr'>vitia</span> <span class='ocrx_word' id='word_1_178' title='bbox 987 2223 1130 2299; x_wconf 88' lang='lat' dir='ltr'>potentis·</span> 
     </span>
     <span class='ocr_line' id='line_1_24' title="bbox 113 2307 1183 2387; baseline 0.003 -18"><span class='ocrx_word' id='word_1_179' title='bbox 113 2311 190 2369; x_wconf 91' lang='lat' dir='ltr'>sime</span> <span class='ocrx_word' id='word_1_180' title='bbox 213 2315 359 2387; x_wconf 82' lang='lat' dir='ltr'>expurgat</span> <span class='ocrx_word' id='word_1_181' title='bbox 386 2317 416 2369; x_wconf 93' lang='grc'>81</span> <span class='ocrx_word' id='word_1_182' title='bbox 439 2316 531 2368; x_wconf 91' lang='grc'>88881</span> <span class='ocrx_word' id='word_1_183' title='bbox 576 2307 740 2368; x_wconf 86' lang='lat' dir='ltr'>Galbanum</span> <span class='ocrx_word' id='word_1_184' title='bbox 763 2326 832 2369; x_wconf 89' lang='lat' dir='ltr'>rosa</span> <span class='ocrx_word' id='word_1_185' title='bbox 858 2307 970 2387; x_wconf 88' lang='lat' dir='ltr'>liquida</span> <span class='ocrx_word' id='word_1_186' title='bbox 997 2317 1048 2369; x_wconf 91' lang='lat' dir='ltr'>aut</span> <span class='ocrx_word' id='word_1_187' title='bbox 1076 2327 1129 2369; x_wconf 91' lang='lat' dir='ltr'>un·</span> <span class='ocrx_word' id='word_1_188' title='bbox 1149 2321 1183 2372; x_wconf 78' lang='grc'>81</span> 
     </span>
     <span class='ocr_line' id='line_1_25' title="bbox 113 2396 1130 2476; baseline 0 -18"><span class='ocrx_word' id='word_1_189' title='bbox 113 2404 227 2475; x_wconf 83' lang='lat' dir='ltr'>guento</span> <span class='ocrx_word' id='word_1_190' title='bbox 254 2396 379 2458; x_wconf 92' lang='lat' dir='ltr'>nardino</span> <span class='ocrx_word' id='word_1_191' title='bbox 402 2397 567 2459; x_wconf 90' lang='lat' dir='ltr'>delibutum</span> <span class='ocrx_word' id='word_1_192' title='bbox 593 2396 827 2476; x_wconf 85' lang='lat' dir='ltr'>instillatumque</span> <span class='ocrx_word' id='word_1_193' title='bbox 856 2396 988 2458; x_wconf 90' lang='lat' dir='ltr'>dolorem</span> <span class='ocrx_word' id='word_1_194' title='bbox 1013 2401 1130 2458; x_wconf 90' lang='lat' dir='ltr'>aurium</span> 
     </span>
     <span class='ocr_line' id='line_1_26' title="bbox 71 2484 1182 2565; baseline 0.002 -19"><span class='ocrx_word' id='word_1_195' title='bbox 71 2498 99 2538; x_wconf 80' lang='lat'>2⁶</span> <span class='ocrx_word' id='word_1_196' title='bbox 112 2486 196 2546; x_wconf 89' lang='lat' dir='ltr'>lenit</span> <span class='ocrx_word' id='word_1_197' title='bbox 242 2484 368 2545; x_wconf 84' lang='grc'>11181888</span> <span class='ocrx_word' id='word_1_198' title='bbox 397 2485 492 2546; x_wconf 87' lang='grc'>818188</span> <span class='ocrx_word' id='word_1_199' title='bbox 519 2488 630 2565; x_wconf 83' lang='grc'>8811818</span> <span class='ocrx_word' id='word_1_200' title='bbox 659 2485 785 2556; x_wconf 91' lang='lat' dir='ltr'>dilutum</span> <span class='ocrx_word' id='word_1_201' title='bbox 814 2493 843 2546; x_wconf 90' lang='lat' dir='ltr'>et</span> <span class='ocrx_word' id='word_1_202' title='bbox 866 2485 1182 2548; x_wconf 88' lang='grc'>188818811118188188</span> 
     </span>
     <span class='ocr_line' id='line_1_27' title="bbox 112 2573 1183 2652; baseline 0 -16"><span class='ocrx_word' id='word_1_203' title='bbox 112 2574 249 2636; x_wconf 88' lang='grc'>(18188881</span> <span class='ocrx_word' id='word_1_204' title='bbox 272 2577 388 2634; x_wconf 87' lang='grc'>8881881</span> <span class='ocrx_word' id='word_1_205' title='bbox 413 2583 504 2635; x_wconf 91' lang='lat' dir='ltr'>sanat.</span> <span class='ocrx_word' id='word_1_206' title='bbox 541 2574 672 2635; x_wconf 82' lang='lat' dir='ltr'>Gallinae</span> <span class='ocrx_word' id='word_1_207' title='bbox 695 2573 786 2652; x_wconf 87' lang='lat' dir='ltr'>adeps</span> <span class='ocrx_word' id='word_1_208' title='bbox 805 2573 963 2652; x_wconf 87' lang='grc'>1188818818</span> <span class='ocrx_word' id='word_1_209' title='bbox 982 2581 1012 2634; x_wconf 88' lang='grc'>81</span> <span class='ocrx_word' id='word_1_210' title='bbox 1030 2574 1129 2652; x_wconf 86' lang='lat' dir='ltr'>tepide</span> <span class='ocrx_word' id='word_1_211' title='bbox 1148 2588 1183 2636; x_wconf 87' lang='grc'>84</span> 
     </span>
     <span class='ocr_line' id='line_1_28' title="bbox 110 2661 1183 2740; baseline 0.002 -16"><span class='ocrx_word' id='word_1_212' title='bbox 110 2662 256 2724; x_wconf 86' lang='lat' dir='ltr'>instillata</span> <span class='ocrx_word' id='word_1_213' title='bbox 285 2661 438 2740; x_wconf 88' lang='lat' dir='ltr'>quodlibet</span> <span class='ocrx_word' id='word_1_214' title='bbox 464 2665 568 2723; x_wconf 83' lang='lat' dir='ltr'>vitium</span> <span class='ocrx_word' id='word_1_215' title='bbox 596 2665 713 2724; x_wconf 90' lang='lat' dir='ltr'>aurium</span> <span class='ocrx_word' id='word_1_216' title='bbox 741 2672 833 2722; x_wconf 87' lang='grc'>88881</span> <span class='ocrx_word' id='word_1_217' title='bbox 880 2661 953 2722; x_wconf 90' lang='lat' dir='ltr'>Galli</span> <span class='ocrx_word' id='word_1_218' title='bbox 976 2661 1130 2739; x_wconf 80' lang='lat' dir='ltr'>gallinacei</span> <span class='ocrx_word' id='word_1_219' title='bbox 1149 2676 1183 2726; x_wconf 79' lang='grc'>81</span> 
     </span>
     <span class='ocr_line' id='line_1_29' title="bbox 111 2749 1129 2831; baseline 0 -19"><span class='ocrx_word' id='word_1_220' title='bbox 111 2771 150 2812; x_wconf 83' lang='lat' dir='ltr'>ex</span> <span class='ocrx_word' id='word_1_221' title='bbox 173 2750 341 2813; x_wconf 84' lang='lat' dir='ltr'>ventriculo</span> <span class='ocrx_word' id='word_1_222' title='bbox 363 2752 507 2812; x_wconf 91' lang='lat' dir='ltr'>interiore</span> <span class='ocrx_word' id='word_1_223' title='bbox 529 2751 714 2830; x_wconf 86' lang='lat' dir='ltr'>membrana,</span> <span class='ocrx_word' id='word_1_224' title='bbox 738 2769 813 2830; x_wconf 89' lang='lat' dir='ltr'>quae</span> <span class='ocrx_word' id='word_1_225' title='bbox 837 2752 931 2829; x_wconf 90' lang='lat' dir='ltr'>proici</span> <span class='ocrx_word' id='word_1_226' title='bbox 955 2749 1043 2831; x_wconf 91' lang='lat' dir='ltr'>solet,</span> <span class='ocrx_word' id='word_1_227' title='bbox 1066 2769 1129 2812; x_wconf 88' lang='lat' dir='ltr'>are·</span> 
     </span>
     <span class='ocr_line' id='line_1_30' title="bbox 112 2839 1129 2920; baseline 0 -18"><span class='ocrx_word' id='word_1_228' title='bbox 112 2843 191 2902; x_wconf 89' lang='grc'>18818</span> <span class='ocrx_word' id='word_1_229' title='bbox 215 2843 346 2920; x_wconf 88' lang='grc'>18118888</span> <span class='ocrx_word' id='word_1_230' title='bbox 369 2860 405 2902; x_wconf 89' lang='grc'>811</span> <span class='ocrx_word' id='word_1_231' title='bbox 428 2842 496 2901; x_wconf 88' lang='grc'>1188</span> <span class='ocrx_word' id='word_1_232' title='bbox 519 2841 635 2900; x_wconf 89' lang='lat' dir='ltr'>adiecto</span> <span class='ocrx_word' id='word_1_233' title='bbox 658 2839 778 2919; x_wconf 91' lang='lat' dir='ltr'>paululo</span> <span class='ocrx_word' id='word_1_234' title='bbox 797 2842 858 2918; x_wconf 91' lang='lat' dir='ltr'>opii</span> <span class='ocrx_word' id='word_1_235' title='bbox 878 2840 1059 2901; x_wconf 88' lang='lat' dir='ltr'>medicamen</span> <span class='ocrx_word' id='word_1_236' title='bbox 1079 2859 1129 2902; x_wconf 90' lang='lat' dir='ltr'>au·</span> 
     </span>
     <span class='ocr_line' id='line_1_31' title="bbox 70 2927 1129 3010; baseline 0.001 -19"><span class='ocrx_word' id='word_1_237' title='bbox 70 2943 99 2983; x_wconf 77' lang='lat'>⁸⁰</span> <span class='ocrx_word' id='word_1_238' title='bbox 112 2930 200 2992; x_wconf 89' lang='lat' dir='ltr'>ribus</span> <span class='ocrx_word' id='word_1_239' title='bbox 227 2930 419 2991; x_wconf 89' lang='lat' dir='ltr'>utilissimum</span> <span class='ocrx_word' id='word_1_240' title='bbox 445 2929 529 3010; x_wconf 83' lang='lat' dir='ltr'>facit,</span> <span class='ocrx_word' id='word_1_241' title='bbox 557 2930 635 3008; x_wconf 89' lang='lat' dir='ltr'>qnod</span> <span class='ocrx_word' id='word_1_242' title='bbox 665 2927 839 2991; x_wconf 86' lang='lat' dir='ltr'>calefactum</span> <span class='ocrx_word' id='word_1_243' title='bbox 862 2930 995 2991; x_wconf 88' lang='lat' dir='ltr'>inlusum</span> <span class='ocrx_word' id='word_1_244' title='bbox 1019 2949 1129 3010; x_wconf 91' lang='lat' dir='ltr'>suppu-</span> 
     </span>
     <span class='ocr_line' id='line_1_32' title="bbox 113 3017 1182 3098; baseline 0.002 -18"><span class='ocrx_word' id='word_1_245' title='bbox 113 3021 261 3080; x_wconf 89' lang='lat' dir='ltr'>rationem</span> <span class='ocrx_word' id='word_1_246' title='bbox 293 3021 358 3080; x_wconf 87' lang='lat' dir='ltr'>eius</span> <span class='ocrx_word' id='word_1_247' title='bbox 389 3026 535 3098; x_wconf 85' lang='lat' dir='ltr'>expurgat</span> <span class='ocrx_word' id='word_1_248' title='bbox 566 3026 597 3079; x_wconf 91' lang='lat' dir='ltr'>et</span> <span class='ocrx_word' id='word_1_249' title='bbox 628 3025 721 3080; x_wconf 86' lang='lat' dir='ltr'>sanat.</span> <span class='ocrx_word' id='word_1_250' title='bbox 766 3017 865 3098; x_wconf 78' lang='lat' dir='ltr'>ddeps</span> <span class='ocrx_word' id='word_1_251' title='bbox 895 3023 1031 3080; x_wconf 89' lang='lat' dir='ltr'>anserina</span> <span class='ocrx_word' id='word_1_252' title='bbox 1060 3033 1182 3082; x_wconf 83' lang='grc'>888188</span> 
     </span>
     <span class='ocr_line' id='line_1_33' title="bbox 113 3107 1129 3187; baseline 0.002 -20"><span class='ocrx_word' id='word_1_253' title='bbox 113 3110 198 3168; x_wconf 89' lang='lat' dir='ltr'>cruci</span> <span class='ocrx_word' id='word_1_254' title='bbox 220 3127 293 3168; x_wconf 91' lang='lat' dir='ltr'>suco</span> <span class='ocrx_word' id='word_1_255' title='bbox 316 3110 407 3168; x_wconf 82' lang='lat' dir='ltr'>mixta</span> <span class='ocrx_word' id='word_1_256' title='bbox 431 3113 462 3168; x_wconf 90' lang='lat' dir='ltr'>et</span> <span class='ocrx_word' id='word_1_257' title='bbox 483 3107 629 3187; x_wconf 84' lang='lat' dir='ltr'>tepefacta</span> <span class='ocrx_word' id='word_1_258' title='bbox 653 3125 688 3167; x_wconf 90' lang='grc'>88</span> <span class='ocrx_word' id='word_1_259' title='bbox 712 3109 755 3167; x_wconf 88' lang='grc'>818</span> <span class='ocrx_word' id='word_1_260' title='bbox 777 3107 876 3168; x_wconf 87' lang='grc'>181888</span> <span class='ocrx_word' id='word_1_261' title='bbox 895 3127 1000 3187; x_wconf 88' lang='grc'>888881</span> <span class='ocrx_word' id='word_1_262' title='bbox 1020 3119 1050 3169; x_wconf 87' lang='grc'>81</span> <span class='ocrx_word' id='word_1_263' title='bbox 1069 3127 1129 3169; x_wconf 88' lang='grc'>818·</span> 
     </span>
     <span class='ocr_line' id='line_1_34' title="bbox 113 3196 1129 3275; baseline 0 -19"><span class='ocrx_word' id='word_1_264' title='bbox 113 3215 185 3258; x_wconf 90' lang='lat' dir='ltr'>nem</span> <span class='ocrx_word' id='word_1_265' title='bbox 213 3215 347 3257; x_wconf 89' lang='lat' dir='ltr'>umorem</span> <span class='ocrx_word' id='word_1_266' title='bbox 375 3197 413 3258; x_wconf 94' lang='lat' dir='ltr'>de</span> <span class='ocrx_word' id='word_1_267' title='bbox 440 3196 582 3258; x_wconf 90' lang='lat' dir='ltr'>auriculis</span> <span class='ocrx_word' id='word_1_268' title='bbox 610 3204 713 3257; x_wconf 84' lang='lat' dir='ltr'>evocat</span> <span class='ocrx_word' id='word_1_269' title='bbox 740 3204 771 3256; x_wconf 91' lang='lat' dir='ltr'>et</span> <span class='ocrx_word' id='word_1_270' title='bbox 798 3205 945 3275; x_wconf 86' lang='lat' dir='ltr'>persanat.</span> <span class='ocrx_word' id='word_1_271' title='bbox 991 3197 1076 3268; x_wconf 87' lang='lat' dir='ltr'>Quod</span> <span class='ocrx_word' id='word_1_272' title='bbox 1103 3199 1129 3256; x_wconf 89' lang='lat' dir='ltr'>si</span> 
     </span>
     <span class='ocr_line' id='line_1_35' title="bbox 114 3284 1129 3366; baseline -0.002 -20"><span class='ocrx_word' id='word_1_273' title='bbox 114 3304 150 3346; x_wconf 87' lang='grc'>81</span> <span class='ocrx_word' id='word_1_274' title='bbox 183 3288 246 3347; x_wconf 89' lang='grc'>1818</span> <span class='ocrx_word' id='word_1_275' title='bbox 278 3285 372 3346; x_wconf 86' lang='grc'>811818</span> <span class='ocrx_word' id='word_1_276' title='bbox 398 3305 470 3347; x_wconf 89' lang='grc'>8888</span> <span class='ocrx_word' id='word_1_277' title='bbox 498 3286 631 3347; x_wconf 87' lang='lat' dir='ltr'>auricula</span> <span class='ocrx_word' id='word_1_278' title='bbox 658 3287 759 3346; x_wconf 82' lang='lat' dir='ltr'>vitiata</span> <span class='ocrx_word' id='word_1_279' title='bbox 786 3284 890 3366; x_wconf 87' lang='lat' dir='ltr'>fuerit,</span> <span class='ocrx_word' id='word_1_280' title='bbox 922 3295 986 3346; x_wconf 88' lang='grc'>1881</span> <span class='ocrx_word' id='word_1_281' title='bbox 1014 3302 1069 3363; x_wconf 92' lang='lat' dir='ltr'>per</span> <span class='ocrx_word' id='word_1_282' title='bbox 1096 3303 1129 3345; x_wconf 90' lang='grc'>88</span> 
     </span>
    </p>
   </div>
   <div class='ocr_carea' id='block_1_3' title="bbox 115 3490 1129 3632">
    <p class='ocr_par' dir='ltr' id='par_1_3' title="bbox 115 3490 1129 3632">
     <span class='ocr_line' id='line_1_36' title="bbox 187 3490 1127 3547; baseline -0.001 0"><span class='ocrx_word' id='word_1_283' title='bbox 187 3493 337 3547; x_wconf 83' lang='grc'>8111111188.</span> <span class='ocrx_word' id='word_1_284' title='bbox 391 3490 611 3546; x_wconf 79' lang='lat' dir='ltr'>tterebentiue.</span> <span class='ocrx_word' id='word_1_285' title='bbox 668 3492 787 3546; x_wconf 82' lang='grc'>188818.</span> <span class='ocrx_word' id='word_1_286' title='bbox 848 3491 1127 3546; x_wconf 76' lang='grc'>88181881188113.</span> 
     </span>
     <span class='ocr_line' id='line_1_37' title="bbox 115 3560 1129 3632; baseline -0.005 -11"><span class='ocrx_word' id='word_1_287' title='bbox 115 3561 327 3621; x_wconf 79' lang='grc' dir='ltr'>111118818ᾶὶ118.</span> <span class='ocrx_word' id='word_1_288' title='bbox 375 3563 540 3618; x_wconf 84' lang='grc'>1888811118.</span> <span class='ocrx_word' id='word_1_289' title='bbox 581 3562 919 3618; x_wconf 75' lang='grc'>1161181880818881118.</span> <span class='ocrx_word' id='word_1_290' title='bbox 957 3566 991 3617; x_wconf 76' lang='grc'>88</span> <span class='ocrx_word' id='word_1_291' title='bbox 1005 3560 1129 3632; x_wconf 81' lang='lat' dir='ltr'>paululo.</span> 
     </span>
    </p>
   </div>
   <div class='ocr_carea' id='block_1_4' title="bbox 0 0 1310 4017">
    <p class='ocr_par' dir='ltr' id='par_1_4' title="bbox 0 0 1310 4017">
     <span class='ocr_line' id='line_1_38' title="bbox 0 0 1310 4017; baseline 0 0"><span class='ocrx_word' id='word_1_292' title='bbox 0 0 1310 4017; x_wconf 95' lang='lat' dir='ltr'> </span> 
     </span>
    </p>
   </div>
   <div class='ocr_carea' id='block_1_5' title="bbox 1169 3755 1300 3990">
    <p class='ocr_par' dir='ltr' id='par_1_5' title="bbox 1169 3755 1300 3990">
     <span class='ocr_line' id='line_1_39' title="bbox 1169 3755 1300 3990; baseline 0 0"><span class='ocrx_word' id='word_1_293' title='bbox 1169 3755 1300 3990; x_wconf 53' lang='lat' dir='ltr'>Q</span> 
     </span>
    </p>
   </div>
  </div>
 </body>
</html>
