2609 4017
486 156 725 222 -151-

96 320 126 378 in
148 317 239 400 duta,
264 338 335 380 cum
358 338 433 400 opus
456 329 504 380 est
525 319 647 400 adponi3
670 322 759 382 tertio
782 320 828 381 rel
853 327 959 399 quarto
983 319 1031 380 die
1054 321 1111 382 sol·

94 409 181 488 ritur,
200 411 228 468 si
247 426 312 468 non
330 410 560 488 suppurarerint
579 416 724 489 strumaeg
744 408 796 469 sed
811 411 837 469 si
852 417 971 489 apertae
990 409 1111 489 fuerint,

93 495 191 556 bieme
215 496 344 558 alternis
362 497 503 577 solvetur,
521 505 632 558 aestate
652 497 782 558 cottidie.
816 497 959 576 Malagma
977 498 1013 559 ad
1033 505 1111 560 stru·
1129 511 1164 561 su

93 602 155 644 mas
178 585 271 646 etad
296 604 413 647 omnem
431 587 571 647 duritiam
590 585 780 647 relaxandam
798 587 956 648 mirificum
976 589 1033 649 sic:
1056 585 1111 646 lle·

68 674 174 733 asinae
203 673 427 736 terebinthinae
449 674 481 736 P.
500 674 541 756 ll,
563 692 649 735 cerae
674 673 826 754 selibram,
853 675 998 757 propolis,
1022 693 1111 755 quam

93 762 214 840 quidam
234 781 338 824 ceram
357 781 472 824 sacram
490 771 605 844 vocant,
623 761 654 822 P.
669 761 690 844 1,
709 761 826 842 galbani
839 763 870 825 P.
885 763 907 846 l,
926 763 984 824 olei
1001 765 1111 826 veteris

92 849 246 913 selibram.
277 851 357 913 llaec
375 854 474 912 omnia
492 870 562 913 cum
580 851 646 913 oleo
665 851 701 911 ad
719 854 819 930 ignem
832 852 980 932 liquefieri
994 860 1112 932 oportet

92 946 122 998 et
137 947 249 1018 postea
268 942 390 1002 misceri
408 941 483 1002 visci
500 940 537 1001 de
556 958 671 1020 weron
689 939 720 1001 P.
739 939 761 1020 l,
779 940 874 1019 xiphii
891 939 1008 1021 radicis,
1032 942 1111 1021 quud

91 1044 145 1088 nos
167 1027 335 1107 gladiolum
358 1028 548 1111 appellamus,
570 1029 602 1090 P.
621 1027 643 1110 l,
666 1027 798 1090 faeculae
820 1031 917 1108 putris
940 1028 971 1090 P.
990 1028 1013 1110 l,
1036 1030 1111 1090 alro-

57 1116 163 1176 1onitri
196 1116 297 1178 librae
329 1118 537 1198 quadrantem,
569 1119 748 1196 opopanacis
780 1117 811 1178 P.
835 1117 856 1178 l.
902 1116 982 1178 Haec
1014 1121 1112 1179 omnia

93 1205 211 1286 ordine,
240 1224 304 1285 quo
334 1209 447 1286 scripta
468 1213 552 1286 sunt,
580 1209 650 1266 trita
678 1205 861 1285 emblataque
888 1207 919 1267 in
949 1207 1110 1268 caccabum

93 1295 303 1375 coniciuntur,
324 1306 484 1374 'opopanax
511 1295 576 1355 oleo
602 1294 726 1356 diluitur
750 1304 780 1356 et
803 1296 940 1374 solvitur3
963 1295 1016 1356 ubi
1037 1305 1111 1356 tem·

93 1389 233 1458 peratum
252 1392 302 1445 est
314 1384 572 1464 medicamentum,
590 1382 728 1444 manibus
743 1384 900 1466 subigitur,
918 1383 1024 1445 linitur
1042 1403 1111 1446 cum

93 1486 167 1548 opus
190 1480 242 1533 est
267 1473 346 1533 aluta
369 1480 400 1532 et
422 1475 465 1534 sic
488 1471 656 1552 adponitur.

59 1573 83 1615 u
180 1559 341 1622 Glandulis
358 1561 449 1622 iacies
466 1562 632 1622 remedium
651 1563 707 1622 sic:
731 1558 877 1640 Farinam,
899 1560 966 1641 mel,
985 1575 1165 1624 crocumlott

94 1655 123 1706 et
145 1651 265 1710 caricas
287 1649 377 1711 simul
399 1651 491 1710 mbae
514 1657 545 1711 et
567 1657 689 1710 contere
713 1657 801 1727 atque
825 1667 919 1710 unum
938 1666 1048 1727 corpus
1072 1650 1111 1708 la-

96 1737 152 1795 cito
176 1746 208 1800 et
231 1741 276 1800 ita
298 1739 389 1800 linteo
413 1739 504 1799 inline
523 1747 555 1799 et
572 1756 664 1816 snper
682 1735 834 1816 glandulas
853 1753 939 1815 pone.
981 1736 1107 1798 Carmen
1116 1751 1165 1800 101

96 1825 203 1886 mirum
227 1827 267 1888 ad
290 1826 443 1906 glandulas
467 1830 524 1888 sio:
560 1825 666 1887 Albula
688 1824 826 1904 glandula
854 1843 910 1886 uec
933 1825 1033 1886 doleas
1056 1844 1112 1888 nec

97 1929 203 1976 noceas
231 1934 291 1976 uec
313 1916 466 1994 paniculas
489 1917 594 1996 facias,
622 1914 675 1976 sed
698 1913 846 1992 liquescas
869 1923 1019 1993 tamquam
1043 1914 1113 1976 salis

62 2000 127 2060 nin
148 2021 235 2084 aqua.
271 2003 336 2065 Hoc
358 2014 406 2065 ter
428 2007 532 2065 nories
554 2004 658 2065 dicens
681 2021 772 2082 spues
795 2003 831 2063 ad
855 2012 966 2065 ternam
985 2010 1015 2064 et
1033 2004 1112 2083 glan·

98 2087 179 2152 dulas
206 2096 291 2173 ipsas
324 2093 431 2173 pollice
462 2102 493 2154 et
525 2093 618 2171 digito
649 2092 821 2153 medicinali
849 2092 1008 2172 perduces,
1041 2093 1112 2154 dum

98 2196 217 2242 carmen
248 2182 337 2263 dicis;
364 2181 416 2242 sed
445 2191 512 2242 ante
540 2181 612 2242 solis
640 2191 739 2242 ortum
767 2189 798 2241 et
825 2188 893 2259 post
919 2199 1059 2242 occasum
1081 2182 1113 2243 id

98 2266 196 2350 iacies,
214 2279 309 2350 prout
331 2271 396 2331 dies
418 2278 470 2331 aut
488 2288 546 2330 nox
565 2271 726 2331 minuetur.
763 2269 921 2330 Glandulas
941 2288 1026 2330 mane
1045 2283 1167 2332 car-102

100 2357 236 2440 minabis,
259 2361 286 2419 si
308 2358 372 2420 dies
395 2361 561 2439 minuetur,
584 2361 611 2419 si
633 2377 705 2441 nox,
728 2357 765 2418 ad
788 2376 942 2437 vesperam
966 2366 996 2418 et
1018 2359 1111 2437 digito

65 2455 89 2496 2⁵
101 2445 269 2508 medicinali
296 2465 330 2508 ac
357 2447 463 2527 pollice
491 2450 648 2508 continens
676 2466 725 2507 eas
754 2447 851 2507 dices:
887 2447 999 2506 Novem
1032 2447 1111 2524 glan-

102 2531 184 2596 dulae
212 2554 348 2619 sorores,
375 2544 442 2597 octo
472 2535 627 2614 glandulae
654 2553 787 2614 sorores,
816 2543 930 2612 septem
958 2533 1113 2612 glandulae

102 2637 230 2705 sorores,
252 2642 305 2685 sex
327 2624 482 2703 glandulae
505 2643 633 2706 sorores,
658 2626 790 2702 quinque
811 2620 966 2700 glandulae
985 2639 1113 2702 sorores,

104 2720 244 2788 quattuor
265 2713 420 2792 glandulae
449 2731 581 2796 sorores,
608 2723 672 2774 tres
695 2709 851 2790 glandulae
874 2727 1009 2791 sorores,
1036 2710 1112 2772 duae

102 2797 256 2874 glandulae
280 2820 412 2883 sorores,
440 2820 499 2862 una
521 2801 660 2880 glandula
683 2817 781 2880 soror,
806 2817 911 2860 novem
934 2800 1010 2860 fiunt
1032 2799 1113 2877 glan·

69 2885 199 2974 aduae,
228 2897 296 2952 octo
324 2891 400 2953 liunt
426 2890 595 2970 glandulae,
624 2898 738 2970 septem
768 2889 842 2950 liunt
865 2887 1033 2969 glandulae,
1061 2907 1113 2952 sex

104 2975 176 3040 liunt
203 2979 371 3061 glandulae,
399 2982 531 3059 quinque
558 2980 635 3040 fiunt
663 2977 831 3061 glandulae,
865 2984 1006 3057 quattuor
1038 2979 1113 3040 liunt

105 3063 268 3148 glandulae,
291 3076 354 3128 tres
377 3070 454 3129 fiunt
476 3067 645 3148 glandulae,
667 3067 742 3128 duae
766 3066 842 3128 fiunt
867 3066 1031 3148 glandulae,
1053 3086 1113 3128 una

105 3151 136 3212 tit
156 3156 303 3238 glandula,
325 3157 406 3218 nulla
429 3158 463 3218 tit
484 3156 630 3234 glandula.
974 3235 975 3244 ἵ

188 3243 234 3305 lu
256 3263 299 3325 ea,
322 3264 398 3326 qnae
421 3245 557 3306 faucibus
580 3243 787 3327 inhaerebunt,
809 3243 983 3305 remedium.
1019 3242 1052 3304 Si
1074 3257 1166 3307 ustos

72 3338 154 3392 orant
174 3337 265 3396 arista
287 3334 418 3396 haeserit
439 3333 534 3415 gulae,
556 3333 604 3394 rel
626 3336 700 3414 ipse,
723 3335 773 3394 cui
796 3331 945 3412 acciderit,
969 3332 1015 3392 vel
1038 3331 1112 3393 alius

173 3521 329 3592 exiphiee.
401 3526 436 3578 36
454 3521 613 3593 peniculus]
631 3519 765 3592 peranici.
838 3517 971 3575 ecederit.
