2609 4017
583 175 715 239 ...50
764 212 801 221 ..

153 341 254 403 11111.
302 338 424 400 Stercus
456 339 608 399 murinum
639 355 708 398 cum
737 345 821 398 aceto
854 338 957 397 tritum
989 336 1026 396 ad
1053 334 1203 415 alopecias

153 436 294 491 sunctas
323 428 416 487 torma
450 428 549 505 priore
584 425 758 487 mirabiliter
790 427 889 486 crines
922 426 1096 486 commodat.
1141 424 1202 485 Luc

189 519 342 597 caprinum
371 518 534 595 incoctum,
566 514 618 575 sed
651 532 711 575 non
744 513 941 575 adulteratum
974 522 1025 574 aut
1056 516 1203 594 vitiatum,

153 621 168 669 9
188 613 269 667 recte
293 604 432 683 alopeciis
455 604 626 665 infricatur:
656 605 764 663 mirum
793 610 846 664 est.
887 602 999 663 Vitium
1022 604 1142 683 capitis,
1169 604 1202 661 in

189 714 249 774 quo
277 701 346 755 sunt
374 692 535 772 alopecias,
564 694 648 771 prius
677 692 804 773 reditum
835 699 905 771 post
930 691 991 751 illic
1019 709 1091 769 oepa
1119 709 1228 751 acer-s

188 785 262 843 rima
286 782 473 862 perfricatur,
497 782 603 841 deinde
627 780 772 841 hordeum
792 780 980 841 combustum
997 788 1029 840 11
1045 782 1077 840 in
1101 779 1203 859 pulve-

188 890 252 933 rem
280 872 434 931 rcdactum
463 888 532 931 cum
556 871 657 930 ursina
681 870 767 948 adipe
790 872 970 948 permirtum
995 869 1202 948 superinponi·

138 974 170 1021 10
189 969 248 1021 tur.
290 958 418 1020 llerbam
446 959 550 1020 cardui
579 960 705 1037 agrestis
732 960 764 1018 in
787 960 929 1018 mortario
950 975 1048 1036 usque
1071 957 1107 1017 ad
1132 956 1202 1017 levi·

189 1057 279 1109 tatem
307 1051 397 1109 terito
425 1066 556 1126 sucoque
585 1049 649 1108 eius
673 1065 815 1126 expresso
838 1046 936 1109 locum
960 1047 1109 1125 alopeciac
1137 1044 1203 1105 Vlll

190 1136 295 1198 diebus
328 1136 465 1216 oblinito,
498 1135 549 1196 sed
581 1135 629 1196 bis
661 1154 716 1215 per
747 1136 811 1196 dies
843 1134 976 1214 singulos
1006 1136 1203 1214 perunctione
1216 1152 1241 1191 ro

80 1286 82 1289 ,
140 1239 171 1287 11
192 1233 340 1286 renovata.
382 1224 455 1285 Cum
480 1227 582 1303 sinape
606 1227 789 1285 nasturcium
814 1226 918 1285 tritum
941 1224 1081 1303 alopeciis
1104 1222 1203 1283 inlini·

139 1324 255 1379 111111
278 1314 439 1375 efficaciter
460 1314 591 1392 prodest.
629 1312 765 1393 Cydonea
788 1312 862 1373 mala
885 1314 1017 1373 discocta
1037 1330 1106 1373 cum
1124 1314 1203 1392 vino,

190 1403 297 1464 dehinc
321 1404 390 1464 trita
414 1420 560 1481 ceraeque
583 1402 760 1481 liquefactae
784 1401 882 1462 addita
906 1409 938 1462 et
961 1403 1051 1480 capiti
1073 1402 1203 1479 inposita

137 1505 169 1553 13
189 1491 327 1571 capillum
350 1492 496 1552 nutriunt.
533 1490 728 1571 Opobalsamo
752 1509 860 1569 operae
883 1492 1013 1569 pretium
1037 1497 1083 1550 cst
1106 1488 1203 1567 alope-

138 1594 172 1643 14
190 1583 250 1642 cias
275 1598 397 1661 ungere,
420 1587 454 1641 ut
472 1581 532 1640 cito
551 1579 649 1659 capilli
667 1586 836 1640 nascantur.
868 1579 946 1640 Nitri
966 1578 1051 1640 rubri
1075 1570 1203 1665 Mill,
1218 1594 1242 1636 15

189 1670 317 1750 pumicis
337 1661 376 1756 9·
396 1668 430 1750 ll,
454 1668 524 1729 salis
547 1670 723 1729 ammoniaci
747 1661 786 1755 19·
805 1667 870 1728 Vlll
892 1676 973 1729 teres
991 1667 1151 1745 diligenter
1173 1673 1203 1726 11

189 1767 291 1837 postea
325 1758 463 1818 miscebis
497 1759 640 1837 priusque
669 1764 758 1837 caput
786 1756 919 1837 alcyonio
951 1764 982 1817 11
1017 1758 1097 1817 nitro
1134 1772 1203 1815 con·

190 1850 281 1907 mixto
315 1846 503 1925 periricabis,
536 1864 605 1906 mox
636 1845 822 1906 medicamen
853 1848 999 1925 inpones:
1031 1862 1092 1923 quo
1125 1844 1202 1903 iacto

138 1950 169 1998 11
191 1935 289 2013 capilli
309 1942 480 1997 nascentur.
519 1933 652 2013 Magnam
675 1935 847 1995 foeditatem
869 1936 960 2013 capiti
983 1934 1122 1994 adferunt
1145 1932 1203 1992 alo·

189 2025 299 2103 peciac,
325 2040 399 2101 quac
424 2024 467 2082 sic
491 2022 700 2084 emendantur:
723 2023 767 2083 Ex
785 2023 862 2102 pelle
880 2026 1051 2102 viperarum
1069 2024 1202 2083 cinerem
1217 2038 1241 2078 ao

190 2112 279 2171 iacies
308 2118 396 2189 atque
425 2110 547 2171 adsidue
570 2110 630 2171 illic
655 2128 809 2193 asperges,
838 2110 1009 2173 emendabis
1032 2114 1096 2171 sine
1121 2128 1203 2171 mora

137 2215 170 2263 16
190 2202 303 2260 vitium.
351 2198 542 2260 Fermentum
571 2199 723 2279 sulphuris
751 2200 912 2278 combusti,
940 2200 1020 2279 quod
1047 2218 1064 2260 a
1091 2198 1203 2260 fullone

189 2289 300 2349 lactum
329 2288 431 2370 luerit,
460 2306 528 2349 cum
555 2288 621 2349 oleo
649 2307 771 2349 rosaceo
799 2290 939 2350 miscebis
963 2297 993 2350 ct
1022 2288 1058 2349 de
1082 2287 1203 2368 pinnula

139 2390 170 2439 11
190 2378 281 2455 capiti
303 2376 419 2439 inlines.
460 2375 587 2438 Roboris
608 2377 731 2459 pilulae,
756 2396 831 2457 quac
854 2378 944 2457 gallae
967 2377 1110 2458 similant,
1134 2394 1203 2437 cum

138 2478 170 2529 18
190 2465 276 2544 adipe
304 2467 406 2526 ursina
434 2467 522 2531 tritae
550 2467 709 2527 emendant
736 2466 891 2546 alopecias.
932 2466 1053 2528 Glandis
1083 2481 1242 2545 quoquere

189 2555 304 2633 saginae
328 2561 449 2616 exustae
473 2556 548 2617 cinis
575 2574 644 2616 cum
671 2555 758 2616 melle
782 2556 922 2634 alopeciis
943 2556 1049 2617 inlitus
1071 2554 1202 2635 prodest

138 2658 170 2707 11
189 2643 332 2724 Cupressi
346 2644 505 2723 pilularum
521 2654 693 2705 exustarum
708 2644 804 2725 pulvis
818 2647 918 2725 tritus,
936 2644 1114 2723 ungularum
1130 2642 1204 2704 muli

189 2731 235 2793 vel
258 2733 355 2794 mulae
377 2742 551 2794 exustarum
574 2736 650 2794 cinis
673 2741 703 2793 11
722 2733 819 2794 oleum
838 2736 1015 2814 myrtinum,
1036 2734 1111 2794 cinis
1132 2750 1203 2811 quo·
1287 2765 1288 2770 κ

189 2838 247 2900 que
275 2821 321 2881 vel
349 2822 437 2880 limus
460 2825 589 2881 murium
613 2824 703 2881 tritus
731 2830 762 2881 11
785 2824 861 2882 cinis
884 2824 983 2883 crusti
1005 2824 1134 2883 erinacei
1157 2838 1202 2881 re-

189 2911 283 2969 centis
303 2908 454 2968 vellimus
473 2911 603 2969 erinacei
621 2926 728 2969 recens
750 2917 780 2970 et
794 2910 988 2972 sandaracha:
1011 2910 1084 2971 haec
1103 2912 1201 2971 omnia
1214 2927 1241 2966 eo

189 3014 258 3057 cum
287 3004 369 3055 aceto
399 3004 429 3056 11
457 3015 525 3057 cum
547 2999 614 3077 pice
642 2996 754 3077 liquida
781 3001 873 3060 mixta
900 3008 930 3061 et
958 3002 1085 3079 inposita
1113 3001 1202 3059 etiam

137 3084 318 3149 1111111111
342 3083 463 3163 capillos
487 3088 648 3148 continent.
685 3086 850 3167 Leporinae
873 3088 957 3149 lanae
980 3098 1102 3149 exustae
1125 3088 1202 3147 cinis

191 3192 259 3234 cum
283 3171 347 3233 olco
372 3177 499 3253 myrtino
523 3175 642 3237 1111111
667 3180 786 3238 taurino
810 3184 840 3238 ct
858 3178 987 3238 alumine
1006 3179 1077 3237 trito
1096 3176 1201 3235 misce·
1287 3187 1288 3196 ¹

191 3269 241 3323 tur
269 3261 508 3343 tepefactumquc
535 3266 720 3327 medicamen
747 3266 864 3328 inlitum
890 3265 1047 3326 admodum
1071 3264 1202 3343 prodest.

136 3364 170 3413 11
189 3350 358 3411 Muscarum
387 3354 482 3430 capita
511 3354 666 3416 combusta
694 3363 724 3415 et
751 3374 820 3416 cum
850 3354 937 3415 melle
959 3356 1030 3415 trita
1053 3354 1202 3435 capitique
1213 3367 1237 3409 11

137 3454 170 3502 11
189 3439 272 3501 inlita
296 3443 370 3501 mire
394 3440 539 3520 alopecias
563 3442 678 3504 tollunt.
718 3443 835 3505 limum
858 3443 1062 3505 columbinum
1085 3445 1110 3502 si
1134 3443 1201 3520 quis

191 3547 258 3590 cum
287 3538 370 3592 aceto
397 3532 502 3593 tritum
530 3534 620 3610 capiti
647 3534 782 3613 inponat,
810 3532 956 3611 alopecias
986 3541 1017 3593 et
1046 3532 1202 3592 cicatrices
