2609 4017
508 199 723 264 ..19-

103 363 210 443 habui,
238 365 270 424 in
293 362 374 425 hunc
397 362 508 425 librum
535 361 658 444 contuli,
685 382 774 444 quem
802 363 839 424 ad
861 370 892 423 te
915 365 992 425 misi.
1028 364 1122 445 Cupio

104 454 187 513 enim
214 452 331 514 medius
358 452 446 513 fidius
474 471 532 533 qua
558 470 683 532 possum
711 460 780 514 tuae
807 455 839 513 in
862 470 910 512 me
939 460 999 514 tam
1021 471 1122 532 perse-

103 544 222 603 veranti
240 540 463 603 benevolentiae
478 540 660 621 respondere
674 542 794 604 adiutus
807 543 890 602 omni
904 548 1039 621 tempore
1053 561 1070 603 a
1084 550 1123 625 te,

103 633 266 711 praecipue
285 649 356 692 vero
375 633 441 692 istis
460 630 574 693 diebus.
607 628 645 690 Ut
662 633 794 710 primum
811 632 892 691 enim
910 632 1044 711 potuisti,
1061 650 1122 692 non
1142 640 1175 689 13

75 738 138 781 ses
162 738 268 800 pessus
292 738 409 781 cessare
432 727 501 781 tuae
526 738 595 799 erga
613 736 662 779 me
680 722 800 798 pietatis
823 720 955 781 oiticium
977 720 1122 782 tradendo

104 812 223 888 scripta
241 827 306 869 mea
330 808 432 870 Latina
456 809 493 869 de
517 807 743 870 medicinalibus
765 817 869 869 nostro
892 807 1025 890 Caesari,
1048 828 1122 889 quo·

103 916 173 959 rum
196 904 376 977 potestatem
398 898 454 965 tibi
477 898 615 976 feceram,
638 906 673 958 ut
690 899 756 977 ipse
774 900 858 978 prior
876 896 991 975 legeres
1011 899 1121 979 simpli·

103 988 241 1066 citerque
269 987 417 1048 indicares
445 987 531 1067 mihi,
560 985 630 1066 quid
656 988 784 1048 sentires
807 987 844 1048 de
867 986 928 1068 his3
958 986 1122 1066 plurimum

103 1078 186 1136 euim
208 1076 320 1137 iudicio
343 1083 395 1138 tuo
418 1076 525 1138 tribuo.
565 1074 610 1137 Tu
633 1093 724 1153 porro
744 1076 954 1137 candidissimo
973 1078 1072 1137 animo
1091 1083 1122 1137 et

61 1182 177 1244 merga
208 1184 257 1225 me
290 1164 568 1226 benevolentissime
606 1165 713 1243 dignos
739 1167 860 1226 nomine
889 1164 1029 1225 editionis
1060 1183 1121 1225 non

103 1252 205 1313 verbis
229 1253 282 1314 sed
304 1272 338 1314 re
360 1254 495 1333 prohasti
517 1254 745 1333 periculumque
768 1272 828 1314 non
847 1255 946 1314 minus
965 1261 998 1314 tu
1016 1254 1121 1314 iudicii

104 1360 195 1421 quam
227 1360 282 1421 ego
314 1342 374 1403 stili
406 1350 529 1421 propter
557 1362 604 1403 me
633 1342 733 1423 adisti,
762 1362 821 1422 quo
848 1352 983 1421 tempore
1011 1342 1120 1403 divinis

103 1430 243 1491 manibus
262 1449 296 1491 ea
315 1431 458 1493 tradendo
478 1434 669 1493 consecrasti.
696 1430 805 1493 Fateor
822 1434 923 1511 itaque
941 1450 989 1492 me
1008 1434 1119 1510 gratias
1139 1442 1173 1491 14

103 1519 159 1581 tibi
192 1538 292 1602 agere,
327 1520 405 1599 quod
433 1528 463 1581 et
489 1522 573 1599 prius
608 1538 696 1600 quam
725 1522 875 1600 rogareris
906 1523 1121 1581 consummasti

62 1630 88 1672 15
103 1610 285 1670 amicissimo
308 1609 416 1670 allectu
439 1616 506 1670 vota
529 1628 594 1670 mea
618 1619 648 1671 et
672 1609 751 1687 quod
775 1611 901 1687 contigit
924 1607 997 1669 mihi
1019 1610 1119 1669 lavore

102 1706 157 1759 tuo
190 1699 384 1759 maturiorem
417 1700 573 1777 percipere
601 1697 694 1760 studii
720 1697 812 1758 huius
839 1699 898 1757 mei
926 1697 1057 1757 fructum
1085 1715 1119 1757 ac

103 1786 294 1865 voluptatem.
336 1785 475 1866 Ignosces
499 1794 611 1868 autem,
640 1788 665 1847 si
692 1804 805 1864 paucae
828 1784 883 1846 tibi
904 1786 985 1845 visae
1008 1785 1120 1846 suerint

102 1877 326 1955 conpositiones
350 1884 380 1936 et
402 1894 463 1935 non
486 1876 638 1937 adomnia
659 1876 891 1955 utiasoriptae3
915 1892 1019 1935 sumus
1038 1876 1119 1935 enim

102 1972 138 2025 nt
167 1966 226 2025 scis
254 1982 379 2043 peregre
413 1982 468 2024 nec
501 1967 639 2045 sequitur
669 1982 725 2024 nos
757 1965 817 2025 nisi
848 1965 1037 2025 necessarius
1069 1962 1118 2023 ad·

61 2075 88 2115 so
104 2052 227 2113 modum
245 2071 390 2114 numerus
409 2052 584 2114 libellorum.
617 2054 725 2115 Postea
743 2061 851 2132 autem,
876 2055 902 2113 si
921 2060 950 2113 et
968 2051 1025 2113 tibi
1037 2052 1118 2113 vide-

102 2141 197 2220 bitur,
215 2142 252 2201 ad
272 2141 387 2221 singula
406 2159 542 2221 quaeque
561 2142 663 2222 plures
686 2144 907 2221 conpositiones
930 2140 1117 2221 colligemus3

103 2237 224 2310 oportet
247 2232 326 2291 enim
350 2231 465 2311 copiam
486 2248 603 2309 quoque
623 2248 726 2291 earum
745 2230 885 2292 selectam
904 2228 1023 2311 habere,
1046 2247 1118 2308 quo-

101 2321 184 2380 niam
215 2336 319 2380 revera
351 2319 495 2398 quaedam
528 2321 619 2399 magis
653 2318 830 2399 quibusdam
864 2325 894 2379 et
925 2336 984 2379 non
1014 2336 1118 2378 omnes

103 2406 243 2469 omnibus
262 2410 443 2469 conveniunt
460 2416 583 2487 propter
602 2409 800 2470 differentiam
819 2406 934 2468 scilicet
948 2424 1117 2487 corporum.

60 2518 87 2561 aa
103 2496 238 2567 Quarum
256 2498 375 2557 initium
394 2514 410 2557 a
429 2498 526 2576 capite
544 2497 696 2576 faciemus,
715 2514 864 2558 summum
884 2497 962 2556 enim
984 2504 1015 2555 et
1033 2497 1119 2576 quasi
1138 2504 1171 2553 16

102 2587 234 2664 primum
257 2584 356 2646 locum
379 2584 437 2646 hoc
460 2587 588 2666 optinet,
615 2585 721 2646 dantes
748 2602 882 2663 operam,
909 2591 944 2643 ut
972 2583 1117 2661 simplicia

103 2674 236 2735 remedia
264 2675 360 2753 prima
392 2692 528 2753 quaeque
560 2692 720 2755 ponamus3
751 2671 903 2732 interdum
935 2673 1014 2731 enim
1043 2669 1117 2731 haec

103 2762 272 2823 efficaciora
296 2769 366 2825 sunt
390 2780 478 2841 quam
501 2781 538 2824 ex
560 2762 698 2842 pluribus
720 2762 874 2841 conposita
894 2760 1117 2821 medicamenta.

101 2849 169 2911 Erit
192 2858 292 2912 autem
314 2859 384 2913 nota
407 2852 521 2912 denarii
544 2870 598 2931 pro
618 2851 730 2913 Graeca
748 2850 901 2931 drachma,
924 2867 1018 2930 aeque
1038 2851 1118 2911 enim

59 2964 85 3005 so
101 2942 133 2999 in
157 2939 232 3001 libra
255 2939 370 3001 denarii
390 2939 550 3000 LXXXllll
573 2941 649 3020 apud
673 2960 729 3002 nos
752 2948 834 3021 sunt,
859 2941 937 3000 siem
960 2939 1117 3000 drachmae

101 3028 180 3107 apud
205 3028 334 3089 Graecos
357 3032 523 3090 incurrunt.

173 3218 451 3285 aperseverontiem.
499 3224 533 3271 10
546 3234 591 3273 me
605 3233 656 3273 om.
705 3217 973 3273 benivolentissime.
1020 3214 1115 3285 digne.

102 3293 134 3342 11
161 3289 194 3341 tu
221 3288 380 3343 Buecheler:
409 3288 459 3343 tui.
552 3294 584 3343 16
607 3288 676 3360 mei]
701 3306 755 3345 me.
847 3296 879 3343 17
903 3290 1018 3359 ignosce
1036 3290 1115 3356 (ras.)

100 3364 136 3413 24
151 3363 215 3427 poet
240 3374 388 3427 corporum
414 3361 477 3415 add.
499 3359 651 3415 Ooroorrm
671 3361 701 3415 et
721 3359 910 3415 affectionum.
996 3364 1030 3413 26
1048 3357 1115 3430 hoc]

100 3431 185 3484 huno.
267 3431 367 3484 dentes
397 3430 523 3501 operam]
554 3431 694 3485 medentis
722 3447 816 3502 opera.
911 3437 945 3485 29
969 3428 1114 3499 draghme,

100 3503 164 3625 {tem
179 3502 276 3625 Iprotelo
302 3502 389 3569 infra.
475 3506 507 3555 31
531 3500 608 3557 Finit
629 3503 753 3573 epistula
778 3502 877 3572 prime
913 3500 1018 3571 Incipit
1044 3500 1115 3555 eius-

120 3588 165 3627 em
211 3612 217 3625 .

920 3662 953 3712 2*

1150 3790 1267 3965 s
