2609 4017
474 138 713 203 -219-

79 298 201 358 iacentis
225 306 367 377 ponatur.
404 299 474 361 Post
497 300 600 362 horam
623 320 713 379 quam
736 300 793 361 hoc
816 302 924 361 feceris
947 302 985 361 de
1004 302 1097 363 nardo

80 386 176 464 tepido
206 388 399 448 stomachum
425 388 602 467 perfricabis
630 398 660 449 et
687 391 725 450 de
753 389 863 451 sabano
888 389 970 451 molli
993 390 1098 451 leviter

79 474 258 555 detergebis‚
284 477 394 537 deinde
417 478 568 539 infirmum
592 478 782 539 deambulare
806 480 906 540 facies.

162 563 326 625 Confectio
349 565 540 647 epithematif,
564 568 642 647 quod
667 568 813 628 stomachi
834 574 967 628 vetustas
987 585 1092 627 causas
1101 578 1150 629 146

53 652 213 713 aemendat
237 662 270 714 et
296 655 333 715 ad
357 655 553 733 digestionem
577 657 745 717 confirmat:
770 656 884 737 Geram,
907 673 1010 717 sevum
1033 663 1097 715 tau-

76 742 186 822 rinum,
215 743 383 804 medullam
413 746 575 824 cervinam,
605 746 762 823 axungiam
789 753 935 825 veterem,
965 746 1097 806 resinam

75 829 322 911 terebinthinam,
345 832 452 892 horum
476 834 609 911 pondera
632 833 748 911 singula
766 834 899 912 aequalia
917 836 1026 914 mittes,
1047 833 1096 893 de·

76 916 141 977 inde
164 918 283 980 adicies
310 919 404 981 mellis
431 955 468 964 —
489 920 538 1001 ΙΙΙ,
562 924 694 982 masticis
719 954 760 965 -
781 920 834 1003 ΙΙΙ,
858 941 933 1002 quae
956 922 1095 1001 liquanda

75 1004 184 1067 fuerint
209 1007 345 1087 liquabis
369 1018 399 1069 et
422 1027 497 1088 quae
517 1010 668 1071 tundenda
686 1010 795 1071 tuudes
815 1020 844 1071 et
863 1013 906 1070 sic
926 1011 1096 1071 confectum

44 1107 65 1147 ro
76 1094 263 1157 medicamen
289 1100 320 1159 in
344 1097 435 1159 linteo
459 1099 626 1177 adponetur
649 1099 817 1179 stomacho,
840 1098 919 1177 quod
944 1107 1011 1159 ante
1035 1117 1096 1158 mo·

76 1193 208 1244 mentum
232 1187 357 1265 prandii
380 1185 515 1248 subtrahi
538 1190 684 1249 convenit.

159 1272 239 1334 ltem
259 1275 342 1335 aliud
362 1276 518 1356 epithema,
533 1276 613 1354 quod
627 1277 788 1337 efficaciter
804 1277 927 1355 prodest
941 1275 1150 1337 stomachott't

78 1368 105 1417 et
126 1362 314 1425 visceribus:
338 1364 469 1425 Storacis
492 1398 536 1407 -
551 1364 585 1444 ΙΙ,
609 1364 688 1425 aloes
714 1364 804 1446 -ΙΙ,
828 1366 997 1443 petrosilini
1019 1398 1058 1407 —
1073 1364 1096 1444 Ι,

78 1464 158 1509 cerae
177 1449 212 1512 P.
232 1451 256 1534 Ι,
282 1453 368 1513 nardi
385 1453 417 1515 P.
437 1453 458 1534 Ι,
483 1455 614 1513 masticis
635 1486 678 1497 —
695 1453 731 1533 ΙΙ,
756 1456 873 1513 resinae
892 1455 997 1513 frictae
1016 1452 1046 1514 P.
1067 1452 1097 1533 S,

46 1545 67 1586 1⁵
79 1538 190 1598 resinae
219 1541 444 1602 terebinthinae
470 1574 508 1585 -
534 1541 574 1622 ll3
603 1560 678 1622 quae
706 1541 845 1620 liquanda
871 1551 946 1602 sunt·
968 1540 1102 1620 liquabis.

78 1631 106 1683 et
126 1644 203 1703 quae
223 1630 380 1691 tundenda
404 1630 511 1691 tundes
535 1639 564 1690 et
587 1629 783 1709 permiscebis
806 1638 837 1690 et
860 1632 904 1690 sic
927 1629 1097 1690 confectum

80 1713 263 1779 medicamen
288 1717 425 1779 similiter
448 1718 539 1779 linteo
563 1719 720 1779 inductum
743 1717 895 1778 stomacho
919 1717 1058 1796 adpones.

163 1806 208 1866 Ad
238 1807 476 1868 confirmandum
506 1807 692 1868 stomachum
716 1807 761 1866 vel
789 1806 1039 1886 conservandum,
1067 1807 1150 1865 sitta

82 1891 144 1965 quis
170 1895 327 1957 infirmum
355 1895 445 1957 habet
473 1897 509 1957 de
538 1904 699 1975 quartanae
728 1894 844 1976 labore,
872 1895 1097 1974 epithematium

48 1981 179 2042 atomo:
213 1985 368 2063 Aiungiae
391 1987 545 2064 porcinae,
569 1984 682 2064 butyri,
705 1986 822 2045 resinae
845 1985 963 2063 frictae,
986 1982 1096 2044 herbae

83 2062 213 2151 Sabinae,
238 2092 326 2135 cerae
345 2074 429 2134 rufae
447 2073 539 2134 libras
558 2074 699 2154 singulas,
717 2092 857 2135 cerussae
878 2107 915 2117 -
937 2073 987 2154 ΙΙΙ,
1010 2091 1097 2133 cerae

82 2150 217 2221 Ponticae
243 2194 288 2205 -
306 2161 354 2223 lll.
395 2162 475 2223 Haec
498 2164 595 2222 omnia
619 2180 755 2223 seorsum
778 2170 880 2242 parata
903 2161 1043 2223 miscebis
1067 2169 1097 2223 et

84 2244 167 2306 simul
189 2249 343 2329 decoques
368 2258 398 2312 et
419 2254 463 2312 sic
487 2252 590 2312 uteris

167 2334 337 2418 Descriptio
356 2339 513 2419 Polyarchi
535 2340 571 2399 ad
593 2339 779 2400 stomachum
802 2347 871 2418 post
893 2338 1024 2399 diutinas
1049 2339 1148 2399 felte

50 2415 177 2485 atinum
201 2427 354 2489 molestias
378 2427 629 2508 componendum:
656 2428 758 2489 Casiae
780 2460 818 2470 -
839 2426 863 2507 Ι,
889 2445 973 2486 rosae
997 2429 1093 2486 siccae

85 2536 125 2549 -
150 2511 176 2594 Ι,
204 2519 310 2598 cyperi
339 2550 377 2560 -
410 2516 435 2598 Ι,
463 2517 644 2577 cardamomi
673 2548 712 2559 -
742 2516 768 2594 Ι,
798 2513 987 2575 nardostachi
1012 2546 1049 2557 -
1075 2514 1097 2595 Ι,

85 2599 166 2661 nardi
180 2602 287 2666 Celtici
304 2638 342 2647 —
357 2604 379 2686 Ι,
394 2605 569 2666 malabathri
587 2638 624 2649 —
641 2604 664 2685 Ι,
678 2606 732 2663 iris
746 2603 879 2683 lllyricae
897 2636 935 2645 -
951 2601 973 2680 Ι,
988 2619 1096 2661 oenan-

87 2682 148 2747 tbes
174 2724 210 2735 -
233 2694 260 2776 Ι,
284 2695 416 2755 masticis
439 2694 529 2755 Chiae
553 2692 642 2772 -Ι,
666 2694 748 2753 croci
770 2724 813 2735 -
832 2690 859 2770 l,
882 2692 991 2751 amomi
1014 2688 1097 2769 -Ι,

87 2774 205 2841 meliloti
231 2815 269 2826 -
289 2780 311 2863 Ι,
335 2782 465 2843 absinthi
489 2782 571 2863 -Ι,
595 2783 672 2843 costi
693 2813 731 2824 -
752 2779 773 2861 Ι,
797 2788 898 2859 guttae
921 2780 1099 2839 ammoniaci

55 2867 78 2907 ³⁰
93 2890 127 2905 ··
142 2864 163 2946 Ι,
181 2869 261 2932 aloes
280 2870 360 2951 -Ι,
379 2874 455 2934 turis
477 2870 554 2951 -Ι,
572 2889 689 2951 myrrae
706 2902 745 2913 --
761 2868 783 2950 Ι,
806 2868 908 2930 bdellii
926 2863 1007 2947 drag.
1020 2866 1095 2948 Vlll,

89 2957 207 3020 storacis
234 2956 314 3041 drab.
342 2958 369 3021 Χ
397 2962 428 3021 in
456 2962 524 3023 vino
553 2961 683 3041 infusae,
710 2958 902 3039 xylobalsami
929 2955 1011 3037 drab.
1034 2956 1098 3036 llll,

172 3150 189 3199 4
211 3146 392 3217 epithimatii.
413 3179 446 3189 -
466 3148 545 3204 Haec
567 3148 724 3217 compositio
747 3153 773 3202 et
795 3165 864 3217 quoe
890 3148 1015 3217 sequitur
1040 3146 1098 3199 fam

89 3220 210 3277 81Ψῒθια
232 3218 367 3273 Marcello
387 3220 494 3287 positae
517 3225 597 3287 suut·
620 3220 657 3287 ef.
679 3218 775 3289 §102
799 3224 825 3273 et
848 3222 912 3272 103.
953 3216 1016 3269 Hoc
1039 3215 1097 3298 loeo

89 3286 183 3341 fautu
203 3290 292 3344 verbio
314 3292 428 3345 mutetis
451 3292 581 3359 repetitae
603 3294 669 3345 root
692 3294 743 3343 aut
760 3289 795 3343 ab
818 3290 879 3357 ipso
896 3288 1098 3354 scriptorem

93 3360 195 3412 mutue*
225 3362 404 3417 rereediorauo
435 3362 492 3415 iam
527 3362 704 3416 laudatorum
740 3364 790 3413 aut
824 3360 859 3413 ab
894 3357 1098 3423 beterpolotore.

95 3421 327 3486 iterabinbinam.
388 3436 420 3487 12
441 3430 587 3501 epithima.
648 3435 681 3485 17
700 3428 884 3483 stomachum.
944 3431 979 3481 27
997 3428 1099 3484 nardo·

96 3488 187 3552 celtici.
265 3502 399 3558 inanbhis.
482 3507 516 3557 30
535 3501 631 3556 delliu.
715 3505 749 3554 at
769 3497 915 3553 storachis.
