2609 4017
505 194 723 259 ..31-

104 365 247 419 teruntur
271 365 301 417 et
319 358 437 417 taurino
457 356 563 435 glutini
582 359 827 418 commiscentur:
850 366 949 418 cetera
967 356 1004 418 ad
1020 359 1119 435 iguem

103 446 257 527 liquidata,
272 446 343 507 dum
358 444 463 525 calent,
479 464 569 525 supra
583 448 705 525 scriptis
717 446 928 507 admiscentur.
950 444 1033 515 Quae
1042 445 1119 507 bene

103 535 229 597 subacta
252 553 341 597 manu
365 544 565 615 reponuntur3
594 552 663 595 cum
685 554 761 615 opus
783 535 887 614 luerit,
910 534 1028 614 pondus
1049 535 1119 596 inde

102 625 222 686 denarii
237 626 365 685 sumitur
380 632 410 683 ct
423 623 550 685 dilutum
565 632 649 684 aceto
664 634 753 704 atque
765 642 834 685 rosa
842 626 934 703 capiti
942 622 1120 705 infunditur,

71 714 158 775 ssed
180 711 286 775 melius
304 711 375 773 lacit
393 712 450 773 hoc
468 712 718 773 medicamentum
737 712 858 774 linteolo
876 712 1033 773 inductum
1050 731 1119 773 raso

102 804 197 882 capiti
219 803 390 881 inpositum.
426 801 471 862 hd
491 802 597 881 capitis
620 801 753 862 dolorem
776 804 841 863 sine
859 800 937 862 febri
954 800 1030 861 bene
1048 802 1119 863 lacit
1138 811 1172 861 27

102 892 142 953 de
166 892 370 969 experimento
393 892 500 969 capitis
524 892 652 971 curatio,
676 909 771 970 aquae
793 892 920 971 potatio,
947 890 1007 950 cibi
1029 889 1118 951 absti-

22 1046 27 1053 ,
100 981 220 1058 nentia,
247 980 360 1041 ventris
388 978 511 1059 soluti03
539 979 592 1040 sed
619 987 684 1041 tum
711 981 801 1041 etiam
827 997 896 1040 rosa
922 985 1012 1058 atque
1035 987 1119 1040 aceto

100 1068 271 1131 curandum
293 1074 392 1147 caput.
429 1068 555 1129 Prodest
578 1070 667 1141 etiam
685 1071 823 1149 pituitam
841 1067 998 1129 detrahere
1017 1069 1120 1147 senapi

54 1165 158 1219 noant
194 1155 306 1237 hysopo
340 1174 376 1216 ex
408 1174 495 1235 passo
527 1157 664 1238 decocto,
694 1160 766 1219 item
794 1156 905 1218 herbae
932 1156 1119 1235 peduclariae

101 1248 234 1327 semine,
262 1264 350 1325 quam
379 1244 484 1306 Graeci
512 1246 647 1324 staphide
675 1249 775 1325 agrian
803 1253 922 1324 vocant,
949 1246 1022 1305 trito
1050 1262 1119 1306 oum

100 1338 209 1416 pipere
242 1343 272 1395 et
302 1333 389 1395 melle
422 1334 487 1395 oleo
518 1335 649 1396 admixto
683 1342 735 1396 aut
761 1338 856 1415 ipsius
883 1333 994 1395 herbae
1026 1334 1118 1412 pedu·

101 1425 195 1487 claris
219 1426 331 1485 semiue
354 1441 409 1503 per
433 1442 465 1484 se
491 1423 577 1484 melle
605 1424 745 1487 admixto.
794 1425 991 1486 Permaneute
1019 1431 1119 1484 autem
1137 1424 1172 1475 28

101 1514 222 1575 diutino
245 1513 351 1592 capitis
374 1512 477 1574 dolore
500 1522 627 1592 prosunt
650 1516 679 1573 ei
701 1511 873 1574 huiusmodi
895 1514 1119 1591 perunctiones:

57 1622 86 1663 ra
102 1602 184 1663 Ruta
208 1620 276 1662 cum
299 1610 382 1663 aceto
406 1609 437 1663 et
459 1600 698 1681 oleocalelacto,
721 1602 807 1662 iridis
829 1601 913 1662 radix
936 1617 1006 1661 cum
1026 1608 1120 1679 aceto,

103 1690 206 1751 salicis
234 1689 301 1751 lolia
329 1692 400 1751 trita
427 1708 464 1750 ex
492 1709 580 1772 aqua,
609 1690 774 1770 serpullum
803 1691 907 1751 tritum
935 1696 966 1748 et
993 1688 1119 1749 inferve-

103 1780 218 1840 iactum
242 1797 309 1840 cum
333 1778 398 1840 oleo
416 1786 448 1840 et
466 1788 563 1860 aceto,
592 1779 782 1861 milefolium,
806 1777 886 1857 quod
909 1776 1016 1837 Graeci
1036 1775 1120 1856 poly-

102 1886 205 1947 gonou
228 1867 389 1948 appellant,
419 1886 486 1929 cum
510 1876 578 1929 ruta
601 1871 705 1929 tritum
728 1868 858 1929 admixto
886 1872 969 1927 aceto
996 1872 1026 1926 et
1044 1865 1119 1946 oleo,

103 1974 201 2018 nuces
228 1974 344 2017 amarae
371 1965 513 2036 purgatae
541 1959 629 2018 tritae
657 1976 726 2019 cum
754 1965 837 2018 aceto
861 1965 892 2017 et
913 1954 994 2035 oleo,
1021 1957 1120 2016 itaut

58 2065 88 2107 ao
103 2046 181 2105 haec
208 2045 361 2120 interdum
387 2044 468 2106 velut
495 2053 630 2108 cerotum
653 2064 722 2107 cum
744 2046 836 2106 linteo
859 2044 952 2105 lrouti
977 2046 1120 2123 inponan-

103 2142 171 2215 tur3
195 2133 332 2196 similiter
354 2134 477 2214 prodest
500 2143 530 2195 et
553 2142 621 2196 ruta
644 2136 776 2196 silvatica
798 2136 869 2195 trita
892 2152 961 2194 cum
985 2142 1068 2195 aceto
1090 2140 1121 2193 et

105 2222 173 2283 oleo
191 2225 277 2301 qussi
295 2230 429 2285 cerotum
453 2224 545 2284 tronti
564 2226 752 2304 superposita
774 2231 825 2284 aut
848 2224 916 2301 agui
939 2221 997 2282 albi
1016 2239 1119 2282 semen

106 2330 142 2371 ex
176 2330 266 2390 posca
296 2314 401 2373 tritum
434 2320 485 2373 aut
512 2314 641 2373 ocimum
670 2313 764 2373 viride
792 2312 837 2371 rel
864 2329 967 2371 semen
995 2312 1060 2371 eius
1083 2327 1120 2370 ex

105 2418 182 2479 aqua
207 2402 311 2463 tritum
330 2410 360 2461 et
379 2403 541 2479 inpositum
564 2409 615 2463 aut
639 2402 767 2462 hederae
790 2400 873 2461 albae
892 2400 959 2460 lolia
979 2406 1120 2479 quattuor

60 2519 89 2561 25
105 2507 177 2549 cum
200 2508 275 2568 aqua
297 2490 394 2551 mulsa
415 2498 466 2551 aut
489 2492 541 2570 git,
565 2490 644 2570 quod
669 2490 775 2551 Graeci
799 2488 981 2549 melanthion
1005 2496 1120 2569 vocant,

106 2577 213 2638 eodem
236 2579 324 2639 modo
348 2578 440 2639 tronti
459 2581 621 2658 inpositum
646 2586 697 2639 aut
720 2578 843 2639 naribus
865 2579 1009 2637 iniectum
1032 2574 1120 2655 prod·

105 2675 161 2727 est.
216 2666 259 2727 hd
296 2668 438 2728 torridam
473 2676 503 2728 et
537 2670 730 2729 constrictam
766 2674 864 2727 eutem
901 2666 1007 2743 capitis
1043 2664 1120 2724 bene
1139 2668 1173 2716 29

104 2756 179 2816 facit
209 2763 378 2837 castoreum
409 2765 440 2816 et
471 2756 634 2817 balsamum
669 2762 700 2817 et
733 2754 937 2835 peucedanum
970 2754 1122 2814 incoctum
1159 2825 1160 2828 Ἴ

106 2862 241 2907 seorsum
268 2847 300 2905 in
328 2862 396 2905 vaso
424 2863 493 2905 cum
521 2853 605 2906 aceto
628 2852 659 2905 ct
682 2862 750 2905 cum
774 2845 837 2904 oleo
862 2843 952 2922 capiti
974 2843 1117 2905 inlusum.

60 2964 89 3005 ω
105 2932 232 2995 Faciunt
259 2936 348 2995 etiam
375 2933 545 2995 huiusmodi
570 2933 785 2996 medicamenta
808 2934 899 3011 capiti
922 2933 1119 3016 superposita,
1137 2946 1171 2996 30

105 3040 182 3101 quae
206 3021 313 3083 Graeci
339 3022 546 3101 cataplasmata
574 3023 691 3085 dicunt:
723 3022 810 3083 iridis
838 3022 948 3082 radicis
976 3030 1118 3083 contusae

106 3110 188 3171 liVl
212 3119 242 3172 ot
265 3111 406 3190 pusillum
429 3129 514 3173 rosae
538 3111 687 3173 silvaticae
708 3113 831 3173 seminis
851 3128 919 3171 cum
938 3111 1032 3171 lariua
1050 3110 1118 3170 hor-

106 3199 201 3261 diacia
220 3208 304 3261 cocta
323 3208 374 3261 aut
393 3200 514 3260 feniculi
532 3201 648 3261 radices
668 3201 806 3262 similiter
824 3207 925 3260 coctae
942 3217 1011 3260 cum
1026 3199 1120 3258 lariua

106 3287 267 3350 hordiacia.
311 3288 438 3349 Prodest
465 3290 553 3349 etiam
582 3289 618 3350 ad
645 3291 753 3349 nimios
781 3288 899 3349 dolores
922 3289 1027 3366 capitis
1051 3305 1119 3347 con·
1139 3312 1172 3360 31

64 3403 92 3446 35
107 3378 224 3438 strictio
252 3380 316 3438 eius
344 3395 399 3455 per
427 3377 576 3438 fasciolam
605 3396 664 3438 non
689 3380 811 3438 nimium
835 3375 936 3455 latam,
964 3378 1004 3435 ita
1028 3384 1062 3435 ut
1085 3393 1118 3435 ea

110 3481 113 3488 ¹
181 3494 440 3551 icummisconlur.
492 3495 648 3567 lomatio]
668 3495 778 3550 derasio
799 3495 958 3549 Ooruariwe.
1000 3492 1119 3562 putatio.

109 3565 252 3638 ltpipire.
291 3567 354 3621 oleo
370 3569 399 3621 et
411 3566 509 3621 mixto.
545 3566 683 3636 athagni
721 3566 893 3621 taordiatie.
931 3570 966 3619 34
976 3564 1119 3619 ordeacea.

1174 3749 1276 3971 Γ
