2609 4017
561 145 801 208 -124-

174 310 249 369 31313
276 308 411 387 prodest,
440 309 467 368 si
494 325 530 367 eo
558 307 663 367 dentes
690 308 879 368 intricentur.
919 304 1044 366 Vermes
1063 308 1192 387 terreni,

120 410 154 459 31
173 397 203 458 id
227 407 275 458 est
296 396 445 477 lumbrici,
469 395 586 457 decocti
608 397 640 456 iu
663 396 727 457 oleo
751 397 869 457 attriti
892 395 1090 456 infunduntur
1109 397 1192 456 auri·

174 485 258 546 culae
281 485 318 545 ab
341 504 375 546 33
398 496 497 565 parte,
524 503 583 564 qua
606 484 711 546 dentes
734 484 849 566 dolent3
877 485 1040 545 eorundem
1069 494 1190 545 333333·

173 593 241 636 rum
264 576 409 635 vermium
432 576 507 634 cinis
531 573 672 634 dentibus
694 576 773 635 cavis
797 572 844 634 vel
867 572 1037 634 dolentibus
1056 575 1191 633 insertus

174 675 204 726 et
232 681 300 724 3333
328 671 451 742 opertus
479 662 564 722 133113
594 662 700 723 cadere
730 681 781 723 eos
809 665 902 742 cogit,
934 661 1061 723 conburi
1088 669 1217 722 autema

174 752 284 813 debent
306 761 383 812 testa
405 750 552 812 candenti
590 752 735 813 Ossorum
758 771 794 812 ex
817 750 937 831 ungulis
961 753 1094 830 porcinis
1118 768 1190 810 oon-

120 855 155 902 33
174 841 332 902 bustorum
356 843 432 902 cinis
460 858 514 920 pro
544 840 713 902 dentifricio
741 840 861 901 babitus
888 838 1051 918 plurimum
1081 839 1191 900 confir·

173 929 289 990 mandis
312 928 453 990 dentibus
475 929 606 1008 prodest.
646 929 693 990 Ad
715 929 821 990 dentes
844 947 931 989 cavos
955 939 985 990 33
1007 946 1122 1003 333333,
1151 945 1190 988 33

121 1031 154 1080 33
174 1021 294 1098 penitus
313 1019 477 1079 exeduntur
495 1027 546 1078 aut
565 1018 712 1100 excidant,
731 1019 821 1078 iacies
840 1017 911 1080 hoc:
935 1017 1090 1097 Gummen,
1110 1016 1189 1096 quod

174 1112 205 1168 13
227 1107 338 1168 11331333
361 1109 503 1186 33331333,
526 1126 597 1168 3333
616 1107 699 1168 denti
716 1110 849 1168 inserito.
881 1105 1039 1184 Harenula,
1063 1124 1137 1184 quae
1158 1109 1190 1166 13
1204 1126 1231 1165 ro

121 1209 155 1257 34
174 1196 283 1258 cocleis
301 1199 462 1276 invenitur,
481 1195 563 1256 denti
582 1214 652 1256 cavo
672 1204 703 1257 et
721 1195 833 1257 dolenti
850 1197 963 1256 1333333
981 1197 1080 1256 statim
1100 1194 1189 1273 prod·

175 1294 229 1346 est.
271 1284 417 1346 Gummen
444 1287 581 1364 cupressi
608 1287 719 1364 optime
748 1285 831 1364 lacit,
859 1287 885 1344 si
911 1287 1059 1344 inscrtum
1083 1283 1131 1344 die
1155 1301 1191 1343 ac

121 1386 155 1434 33
174 1383 262 1434 33333
285 1375 316 1433 13
339 1392 410 1434 3333
435 1373 523 1434 dente
542 1376 749 1452 permanserit.
784 1373 823 1434 Ut
841 1373 973 1433 labantes
993 1372 1099 1433 dentes
1119 1391 1190 1433 cou-

121 1475 155 1524 33
174 1464 285 1543 firmes,
304 1463 436 1544 cedrum,
456 1481 515 1542 quo
534 1462 603 1523 libri
621 1473 840 1543 perunguntur,
859 1464 890 1522 in
909 1480 960 1522 ore
977 1480 1065 1540 quam
1084 1461 1190 1522 diutis-

175 1553 249 1612 sime
274 1561 340 1612 tene
365 1562 395 1612 33
418 1551 544 1612 subinde
568 1554 719 1613 recentius
739 1553 862 1632 sumito;
885 1569 945 1611 333
964 1551 1060 1612 solum
1084 1551 1191 1611 dentes
1203 1569 1230 1610 15

175 1639 373 1721 confirmabis,
391 1658 496 1701 verum
515 1641 604 1701 etiam
624 1640 756 1701 dolorem
776 1658 880 1701 eorum
902 1650 1027 1701 avertes.
1066 1639 1190 1718 Saepiae

121 1741 155 1789 37
176 1749 209 1790 os
232 1728 278 1789 vel
301 1731 396 1809 ipsius
426 1728 599 1790 combustae
627 1739 658 1790 et
681 1748 715 1790 33
739 1728 826 1789 melle
850 1730 995 1790 contritae
1019 1727 1117 1807 pulvis
1140 1727 1190 1788 ad·

175 1822 252 1880 13333
275 1827 358 1896 gutta
381 1819 556 1878 ammoniaci
579 1819 706 1896 gingivis
730 1829 760 1878 et
783 1816 923 1879 dentibus
943 1817 1075 1896 prodest,
1099 1819 1124 1877 si
1148 1819 1190 1876 ita

176 1907 385 1986 perlrioentur,
408 1913 443 1966 ut
466 1924 501 1966 33
525 1924 559 1965 33
584 1905 659 1966 311111
680 1909 711 1966 13
735 1907 836 1967 133333
855 1906 1024 1968 descendat.
1061 1905 1189 1984 Caprino

121 1996 251 2055 3313333
269 1995 385 2054 recenti
403 1995 482 2053 31333
500 1993 629 2054 mulsum
648 1995 740 2056 luerit
758 2014 791 2056 os
810 1995 932 2056 adsidue
952 1995 1095 2056 collutum
1110 1993 1189 2055 labo·
1203 2015 1230 2053 33

176 2092 277 2144 333333
307 2101 343 2142 33
371 2083 433 2142 1333
462 2083 566 2159 dentes
595 2085 759 2146 confirmat.
805 2083 937 2145 Lentisci
967 2083 1084 2145 decocti
1113 2101 1190 2162 aqua

90 2198 93 2203 ’
122 2175 254 2232 3313333
281 2189 315 2231 33
339 2171 512 2250 frequenter
536 2170 657 2233 detenta
680 2173 783 2247 dentes
807 2173 976 2253 confirmat,
1004 2172 1083 2233 idem
1105 2190 1190 2252 prae·

176 2270 234 2322 stat
257 2262 391 2340 asparagi
409 2261 537 2321 silvatici
555 2280 659 2338 sucus,
683 2260 762 2322 idem
780 2271 810 2324 et
829 2263 1008 2323 omlacinum
1028 2261 1135 2342 oleum,
1158 2261 1189 2321 id

175 2358 222 2410 est
249 2347 360 2410 bonum
387 2349 496 2429 viride,
524 2351 551 2410 31
579 2349 707 2411 calidum
736 2353 766 2410 in
795 2369 847 2411 333
875 2359 1025 2431 teneatur,
1054 2350 1134 2411 idem
1159 2361 1190 2410 et

174 2437 257 2500 inula
284 2457 300 2499 3
327 2441 428 2500 ieiuno
457 2439 700 2501 commanducata
728 2439 898 2518 praestabit.
940 2439 979 2500 Ut
1003 2439 1136 2500 labantes
1158 2449 1189 2500 33
1203 2457 1230 2497 33

122 2539 157 2586 43
176 2527 311 2588 dolentes
326 2527 430 2590 dentes
440 2528 526 2590 lacile
541 2531 682 2608 excutias,
698 2547 801 2590 sucum
816 2527 945 2588 hederae
960 2529 1062 2607 nigrae
1075 2528 1190 2590 adiecto

175 2616 301 2695 pausillo
325 2616 384 2677 olei
407 2617 509 2678 viridis
532 2616 640 2678 habeto
664 2619 829 2696 repositum
852 2636 886 2678 ac
909 2625 1131 2697 praeparatum,
1155 2625 1190 2678 ut

175 2724 245 2766 oum
264 2723 339 2784 opus
354 2706 445 2766 luerit
463 2723 551 2766 nares
570 2724 607 2764 33
626 2724 661 2766 33
682 2709 835 2784 contingas
853 2705 946 2784 digito
965 2706 1011 2767 vel
1030 2706 1189 2786 perfrices3

176 2813 235 2872 quo
265 2794 342 2854 13333
371 2795 509 2872 spiritum
537 2793 720 2872 aliquamdiu
742 2797 906 2855 introrsum
936 2795 1052 2874 trabes,
1081 2794 1189 2855 deinde

176 2880 289 2942 calculo
313 2880 451 2941 dentibus
475 2881 681 2962 conprehenso
705 2883 798 2943 hianti
823 2901 874 2943 ore
900 2902 1034 2943 umorem
1061 2901 1188 2964 omnem,
1201 2902 1228 2942 33

178 2971 230 3048 qui
248 2987 284 3029 33
303 2969 409 3047 pituita
428 2978 599 3032 contractus
618 2973 685 3052 erit,
709 2971 839 3032 delluere
862 2974 1032 3050 permittes;
1056 2971 1190 3032 infinitus

177 3060 255 3118 enim
271 3056 411 3117 decurret
425 3075 520 3136 usque
540 3058 575 3119 ad
595 3062 687 3120 trium
706 3059 893 3121 heminarum
912 3078 1090 3121 mensuram.
1118 3059 1190 3120 Post

177 3145 257 3224 quod
276 3144 341 3205 oleo
361 3162 437 3223 puro
456 3145 578 3207 naribus
601 3149 743 3226 perfricto
763 3158 793 3209 et
811 3151 880 3209 vino
900 3168 951 3209 ore
971 3149 1064 3210 diluto
1085 3149 1189 3209 dentes

177 3237 242 3294 sine
266 3233 367 3294 dolore
391 3243 479 3294 erunt
502 3244 532 3296 et
555 3235 639 3296 133113
664 3238 865 3298 extrahentur.
903 3237 947 3298 Ad
967 3238 1095 3316 epiloras
1119 3237 1188 3298 den·

122 3334 156 3379 41
176 3325 251 3382 tium
281 3331 311 3383 et
338 3323 490 3404 pituitam,
519 3325 544 3383 si
571 3326 602 3383 in
626 3323 730 3384 dentes
754 3327 905 3406 inciderit,
934 3344 1022 3404 quiam
1046 3327 1228 3406 epilorameu

249 3509 435 3564 131abentes.
508 3515 543 3564 23
563 3511 745 3565 omlncenum.
818 3513 846 3584 a]
866 3511 910 3566 ad.
980 3520 1013 3568 33
1034 3513 1094 3584 ore]
1115 3531 1152 3569 33.
