2609 4017
557 192 779 255 „70-

106 367 140 416 60
158 353 202 417 Ne
217 373 293 415 anno
313 363 459 435 perpetuo
479 354 593 436 lippias,
612 355 648 415 de
668 356 761 416 acinis
775 371 881 414 novem
895 372 968 414 uvae
987 352 1079 436 albae,
1093 359 1175 413 antc-

157 462 245 524 quam
268 462 354 505 uvam
379 451 490 524 gustes,
514 447 615 505 novies
637 452 667 505 te
690 446 825 522 inunges,
848 445 888 504 ita
911 450 944 504 ut
968 444 1045 503 intra
1071 440 1173 503 oculos

104 545 137 595 61
157 542 225 595 tuos
248 550 339 611 grana
363 533 477 613 singula
501 533 625 612 siugulis
649 532 764 593 vicibus
787 532 935 593 infundas.
980 531 1103 592 Stercus
1126 550 1172 591 ca-

155 624 277 703 prinum
309 622 377 683 vino
411 640 607 701 conspersum
638 624 803 701 tritumque
831 630 862 682 et
888 622 1050 699 inpositum
1079 619 1172 681 oculis

156 718 244 789 atque
282 709 443 789 obligatum
480 730 596 773 omnem
629 710 763 773 dolorem
795 719 1003 788 tumoremque
1033 709 1201 787 detergite

103 798 266 860 sacculos
294 818 363 859 cum
389 800 490 861 dolere
520 802 586 880 quis
615 802 761 879 coeperit,
793 798 861 859 ilico
889 800 918 859 ei
944 797 1117 878 subvenies,
1147 800 1171 857 si

157 896 229 967 quot
251 887 367 949 litteras
390 908 498 951 nomen
522 891 587 950 eius
608 889 755 969 habuerit,
778 890 933 949 nominans
952 886 1079 966 easdem,
1104 888 1171 947 toti-

154 978 224 1039 dem
251 977 344 1038 nodos
373 980 404 1039 in
427 979 496 1041 rudi
519 978 579 1039 lino
603 980 733 1057 stringas
757 985 787 1038 ct
809 978 889 1038 circa
912 975 1021 1037 collum
1044 973 1171 1035 dolentis

155 1068 298 1128 innectas.
333 1067 364 1128 Si
385 1070 513 1148 impetus
528 1066 661 1128 dolorem
675 1068 871 1146 praevenerit,
890 1065 1070 1126 absinthium
1087 1073 1171 1125 vetus

156 1168 186 1217 et
208 1155 361 1233 fuliginem
383 1167 521 1218 conteres
540 1156 707 1236 diligenter,
730 1163 802 1216 tunc
821 1154 917 1216 mellis
936 1162 1079 1234 quantum
1099 1155 1212 1214 satisne

156 1244 305 1305 videbitur
324 1245 433 1306 adicies
453 1256 483 1307 et
502 1246 600 1307 denuo
619 1254 700 1305 teres
719 1257 807 1324 atque
826 1261 862 1304 ex
881 1262 918 1305 eo
937 1242 1038 1304 oculos
1055 1242 1171 1323 inlines,

103 1344 136 1393 os
155 1333 333 1394 validissime
357 1334 499 1413 proderit.
545 1334 588 1395 Ne
612 1352 690 1395 anno
713 1342 858 1412 perpetuo
882 1332 995 1412 lippias,
1020 1350 1086 1392 cum
1110 1334 1170 1411 pri·

154 1440 236 1483 mum
259 1439 450 1484 cucumerem
472 1432 598 1487 nunctus
617 1423 724 1504 fueris,
747 1424 779 1482 in
798 1422 917 1483 fontana
936 1439 1011 1499 aqna
1031 1439 1099 1481 eum
1117 1438 1172 1499 per

154 1510 288 1572 triduum
317 1528 383 1572 esse
413 1514 444 1573 iu
473 1512 591 1573 vasculo
615 1512 726 1573 mundo
750 1512 918 1591 permittes,
945 1509 1054 1569 deinde
1077 1508 1171 1570 oculis

102 1610 137 1661 tt
155 1600 303 1679 adapertis
326 1599 433 1661 faciem
457 1610 538 1663 tuam
556 1620 590 1662 ca
609 1620 685 1681 aqua
703 1601 803 1661 lovere
823 1598 951 1661 curabis.
988 1597 1046 1668 uui
1064 1597 1213 1659 crabrone
1293 1593 1294 1656 l

154 1688 343 1769 lippitudinis
377 1692 446 1751 vitio
479 1689 638 1771 laborabit,
672 1688 845 1751 milelolium
877 1686 1001 1748 herbam
1028 1686 1172 1748 radicitus
1293 1689 1294 1698 ’

154 1777 241 1839 vellat
264 1786 294 1837 et
318 1796 353 1837 ex
378 1796 412 1839 ea
435 1780 582 1842 circulum
606 1780 707 1860 iaciat,
736 1787 769 1840 ut
791 1796 847 1857 per
870 1775 952 1838 illum
976 1776 1119 1855 adspiciat
1142 1784 1173 1836 ct

154 1866 233 1927 dicat
256 1874 315 1927 ter:
339 1864 483 1929 Excicum
507 1871 628 1948 acrisos,
652 1876 683 1929 et
706 1870 815 1929 totiens
838 1866 874 1927 ad
893 1884 928 1926 os
946 1865 1005 1926 sibi
1026 1864 1173 1926 circulum

153 1953 237 2015 illum
261 1954 414 2015 admoveat
440 1967 470 2017 et
492 1975 547 2036 per
570 1957 701 2018 medium
724 1963 833 2035 expuat
862 1962 893 2015 et
919 1953 1043 2015 herbam
1066 1972 1173 2014 rursus

154 2043 275 2123 plantet.
323 2041 404 2112 Quae
432 2047 457 2105 si
486 2047 639 2125 revixerit,
674 2063 836 2125 numquam
865 2046 890 2104 is
922 2046 975 2122 qui
1007 2042 1213 2104 remediumao

154 2132 259 2193 lecerit
288 2131 442 2193 vexabitur
470 2134 625 2195 oculorum
655 2133 770 2215 dolore3
799 2132 835 2193 ad
864 2140 1025 2212 utrumque
1053 2131 1174 2193 oculum

153 2220 335 2300 boc,iacito;
359 2239 434 2299 quae
458 2224 485 2283 si
508 2226 606 2285 minus
629 2225 780 2302 revixerit,
803 2240 839 2283 ex
863 2220 919 2281 alia
942 2223 1052 2281 iterum
1075 2220 1173 2281 iaciat.

154 2309 279 2388 Oportet
301 2318 400 2370 autem
424 2311 489 2372 dari
511 2330 645 2393 operam,
669 2321 703 2373 ut
725 2330 785 2372 non
808 2312 898 2371 nimis
915 2309 1008 2371 herba
1026 2312 1173 2369 constrin-

101 2410 135 2458 65
154 2408 249 2478 gatur,
273 2415 333 2479 quo
356 2398 469 2462 facilius
489 2400 618 2481 plantata
637 2408 807 2480 consurgat.
844 2398 940 2477 Cepac
959 2398 1063 2477 longae
1082 2416 1174 2459 sucus
1294 2469 1295 2474 γ

154 2486 343 2566 opobalsamo
368 2491 477 2552 mixtus
501 2498 530 2552 et
554 2508 626 2553 suco
650 2488 774 2551 feniculi
796 2487 910 2549 adiecta
931 2487 1016 2566 adipe
1036 2489 1174 2547 anserina
1187 2503 1214 2543 as

155 2577 335 2656 incipientes
358 2580 521 2660 ypocbyses
543 2580 668 2641 discutit
692 2588 722 2640 et
745 2578 923 2640 suffusiones
947 2578 1084 2655 reprimit
1105 2575 1174 2636 cali-

103 2678 136 2727 66
155 2668 299 2747 ginesque
323 2675 472 2730 extenuat.
510 2670 692 2748 Accipitrem
714 2670 740 2728 si
759 2667 908 2744 decoquas
926 2667 957 2725 iu
978 2664 1042 2725 oleo
1061 2667 1173 2746 susino,

155 2755 250 2816 donec
270 2775 338 2817 caro
358 2758 423 2817 eius
437 2757 613 2834 resolvatur,
633 2766 713 2818 etex
730 2775 765 2817 eo
781 2754 882 2816 oculos
897 2754 1070 2833 frequenter
1084 2756 1174 2814 inun-

102 2855 136 2904 st
155 2861 237 2923 guas,
261 2852 291 2904 et
314 2844 485 2924 ypochystm
509 2855 538 2907 et
562 2845 718 2923 caliginem
741 2844 893 2905 discuties.
938 2842 1174 2903 Chamaeleontis

156 2930 195 2990 iel
214 2938 325 2991 tantam
344 2933 402 2992 vim
422 2932 531 2993 habere
550 2933 693 3011 creditur,
712 2940 746 2992 ut
764 2931 929 3012 ypochyscs
947 2934 1026 2993 intra
1040 2932 1174 2993 triduum
1188 2949 1215 2988 so

156 3019 381 3081 inunctionibus
401 3029 492 3081 sanet.
532 3020 608 3100 Lupi
628 3021 715 3082 fimus
734 3021 785 3082 diu
800 3021 962 3099 perfrictus
977 3022 1012 3083 ad
1029 3038 1175 3081 summam

101 3128 136 3178 aa
155 3107 303 3168 levitatem
332 3126 399 3169 cum
429 3108 514 3169 melle
543 3112 654 3170 mixtus
684 3118 714 3170 et
741 3111 908 3171 inunctioni
931 3110 1082 3171 adhibitus
1104 3128 1174 3171 ocu·

156 3194 253 3257 lorum
277 3196 440 3277 ypocbyses
464 3198 587 3259 discutit
611 3198 700 3260 etad
724 3217 869 3259 summam
893 3198 1101 3261 claritudinem
1122 3217 1175 3259 eos

230 3354 246 3403 6
265 3350 361 3405 oculos
381 3366 443 3404 cum
464 3350 571 3425 dolere]
592 3352 736 3408 oculorum
756 3352 890 3408 dolorem.
946 3357 962 3406 9
983 3351 1173 3421 absynthium.

161 3424 195 3473 10
226 3419 352 3476 tumellis
385 3422 483 3478 litteris
514 3440 554 3477 nc
586 3424 787 3493 superamictis.
898 3428 929 3477 17
958 3426 989 3477 et
1017 3424 1095 3478 dicat
1121 3440 1171 3477 om.

159 3495 197 3572 26·
212 3492 371 3571 ypochesis.
449 3498 482 3548 29
501 3493 672 3563 ypoohesim.
750 3500 785 3549 80
802 3493 963 3564 ypocbeses.
1042 3500 1076 3549 32
1095 3494 1177 3548 inun-

157 3562 248 3615 cbom
266 3564 379 3634 empti:
397 3563 556 3621 inuictione.
630 3570 664 3619 33
683 3566 847 3635 ypocheses.
