2609 4017
507 201 748 265 -101—

110 359 246 423 Faciunt
274 360 349 422 bene
377 362 412 422 ad
437 364 554 424 aurium
578 365 649 424 vitia
673 372 702 424 et
728 363 899 444 emplastra,
923 382 999 444 quae
1023 367 1133 445 scripta
1154 379 1187 428 63

111 458 190 511 snut
216 451 249 510 in
273 450 405 512 secundo
429 451 519 530 libro,
546 452 675 531 plurima
698 470 765 512 rosa
789 453 834 513 vel
858 452 1042 533 amygdalino
1066 455 1134 514 rino

110 539 226 617 diluta,
264 542 425 619 praecipue
458 559 533 619 quae
565 541 772 602 inscribuntur
804 541 955 621 Cyzicena.
1010 541 1136 603 Terreni
1155 555 1189 605 st

110 646 237 688 vermes
270 647 339 689 cum
370 629 457 707 adipe
489 632 605 690 anseris
638 630 755 691 decocti
785 630 985 692 infunduntur
1013 630 1136 692 auribus

81 723 223 777 econtra
251 719 310 777 iam
338 718 491 797 deplorata
518 721 597 780 vitia.
644 719 773 797 Spumae
798 721 914 798 argenti
937 710 977 806 ,Q
1000 717 1051 800 Vl,
1078 719 1136 780 olei
1155 731 1190 784 ab

112 805 228 866 laurlni
256 805 362 868 libram
391 814 472 868 teres
500 809 531 868 in
554 811 697 868 mortario
721 818 751 868 et
774 826 884 886 coques
909 808 944 868 ad
969 808 1136 887 spissitudi-

114 913 186 954 nem
219 895 317 956 mellis
350 903 380 956 et
407 896 557 957 auriculae
585 897 698 957 dolenti
725 896 874 957 infundes.
920 896 952 956 Si
980 907 1078 958 autern
1106 906 1138 958 et

114 993 229 1065 cetera,
249 1002 324 1062 quae
343 985 420 1045 inira
439 987 549 1064 scripta
565 993 643 1065 suut,
658 985 807 1065 habueris,
827 985 929 1046 eadem
949 986 1137 1047 medicamini

113 1071 312 1134 admiscebis:
335 1073 422 1134 Croci
446 1064 486 1160 ,Q
510 1073 531 1152 l,
556 1092 674 1135 murrae
698 1066 793 1162 ⁷Qll,
817 1093 902 1135 rosae
926 1077 1022 1135 siccae
1042 1066 1137 1162 1ΜΙ.

71 1178 99 1217 ro
114 1161 199 1222 ilaec
222 1163 362 1223 universa
384 1165 497 1241 pariter
520 1162 661 1224 miscebis
684 1173 714 1223 et
737 1163 887 1225 auriculae
908 1164 1020 1224 dolenti
1037 1165 1136 1225 infun·

114 1251 186 1331 des3
212 1269 269 1329 qua
290 1269 324 1311 re
343 1251 462 1312 curabis
482 1260 513 1312 et
530 1253 752 1313 concretionem
771 1254 832 1314 sire
851 1255 1068 1333 ppersarcosim
1087 1271 1136 1312 au·

114 1341 212 1419 mum,
246 1342 271 1400 si
304 1340 395 1401 addes
423 1347 454 1401 et
487 1340 625 1401 aluminis
658 1340 764 1401 schisti
791 1332 832 1428 ,Q
860 1340 900 1423 ll,
933 1342 991 1402 olei
1023 1341 1138 1402 cedrini

114 1428 243 1507 cyathos
264 1421 380 1516 pull.
413 1429 564 1490 Adversus
583 1433 755 1509 gravitatem
775 1430 915 1491 audiendi
933 1430 974 1490 fel
992 1429 1136 1491 bubulum
1156 1447 1190 1496 oo

114 1535 190 1578 cum
212 1520 300 1577 urina
322 1519 399 1579 birci
422 1518 581 1599 auriculae,
600 1537 676 1598 quae
696 1520 861 1580 molestiam
885 1519 1046 1598 surdiginis
1064 1519 1137 1598 pati·

73 1625 101 1666 rs
116 1615 187 1684 tur,
219 1606 377 1668 instillabis
405 1611 564 1686 statimque
593 1608 760 1669 subvenies.
813 1607 943 1668 Auribus
970 1607 1138 1686 purulentis
1157 1623 1190 1674 6⁷

116 1698 235 1756 nitrum
249 1698 319 1756 vino
335 1695 526 1775 liquefactum
545 1705 626 1758 recte
644 1697 823 1776 infunditur,
843 1698 912 1775 quia
931 1698 1030 1756 statim
1050 1695 1138 1773 prod·

117 1792 175 1845 est.
222 1783 267 1846 dd
299 1787 416 1846 aurium
449 1785 595 1866 dolorem,
628 1803 705 1865 quae
737 1803 802 1865 pus.
829 1787 980 1865 emittent,
1011 1783 1139 1844 laridum
1157 1801 1191 1850 68

117 1875 359 1934 vetustissimum
382 1881 462 1935 teres
484 1877 516 1934 in
541 1877 683 1935 mortario
712 1882 742 1936 et
765 1891 870 1934 sucum
894 1872 977 1934 illum
1001 1873 1067 1934 lana
1089 1871 1138 1932 de·

117 1962 208 2022 licata
240 1962 399 2024 collectum
431 1965 463 2023 in
496 1963 659 2025 auriculam
687 1965 821 2024 inmittes
844 1970 881 2023 et
908 1962 1034 2023 subinde
1063 1979 1139 2041 aqua

73 2073 104 2111 so
118 2050 214 2112 calida
238 2051 351 2112 fovebis
375 2060 404 2112 et
427 2053 537 2113 iterum
561 2071 667 2114 sucum
690 2052 773 2113 illum
797 2052 946 2133 infundes,
968 2054 1043 2112 mira
1062 2050 1138 2111 velo-

119 2142 211 2200 citate
239 2140 365 2202 sanabis.
412 2140 562 2202 Pullinum
590 2143 764 2220 sanguinem
788 2141 921 2219 tepidum
945 2143 976 2200 in
1000 2159 1063 2200 eam
1088 2158 1139 2200 au·
1158 2156 1191 2207 ao

118 2247 199 2309 rem,
230 2249 305 2308 quae
333 2230 491 2291 obtunsior
520 2232 578 2291 erit
604 2231 650 2290 vel
673 2230 798 2310 dolebit,
826 2230 974 2290 infundes.
1020 2228 1139 2290 Lotium
1158 2246 1192 2295 '10

119 2320 277 2396 caprinum
305 2318 362 2380 sub
391 2338 426 2379 eo
454 2327 619 2400 momento,
648 2338 707 2398 quo
736 2321 882 2400 egeritur,
912 2317 1044 2398 tepidum
1074 2319 1139 2378 auri

119 2406 268 2467 obtunsae
295 2407 443 2469 infundes.
489 2409 562 2486 Apri
589 2411 677 2469 etiam
705 2408 808 2469 lotium
834 2410 864 2468 in
888 2407 969 2468 fumo
994 2408 1138 2467 siccatum
1158 2424 1191 2474 τι

77 2504 151 2556 sset
183 2496 270 2556 melle
300 2497 491 2576 liquefactum
520 2499 586 2558 auri
613 2498 782 2558 infunditur
810 2504 841 2556 et
868 2496 1013 2556 remediat
1041 2495 1137 2555 surdi-

118 2584 252 2663 diginem
279 2585 326 2646 rel
352 2586 494 2648 dolorem.
539 2587 582 2646 Ad
611 2588 693 2647 auris
716 2585 849 2646 dolorem
872 2583 930 2644 mel
953 2582 1136 2644 stillaticium
1157 2601 1191 2648 ‘12

118 2691 197 2753 opus
220 2682 275 2754 est,
299 2675 377 2753 quod
401 2678 441 2736 ita
465 2675 565 2736 facies.
598 2674 709 2735 Favum
733 2673 899 2734 contundes
923 2680 954 2732 et
972 2671 1138 2750 suspendes

118 2765 152 2822 in
179 2762 272 2824 linteo
299 2762 394 2824 nitido
423 2771 453 2824 et
481 2764 574 2824 denso
602 2773 633 2824 et
657 2762 736 2842 quod
761 2763 968 2822 decucurrerit
992 2763 1138 2840 suscipies

118 2853 152 2911 in
175 2851 282 2932 calice3
306 2871 395 2931 quem
417 2852 540 2913 calicem
563 2860 666 2931 postea
689 2870 782 2930 pones
806 2854 837 2911 in
860 2849 949 2912 ollula
973 2850 1048 2911 fabri
1068 2869 1136 2913 curn

77 2961 106 3000 ao
120 2939 215 2999 calida
240 2941 469 3019 ferventissima,
497 2951 640 3020 quantum
665 2940 740 3001 calix
764 2941 889 3002 sufferre
912 2941 1021 3021 possit,
1049 2948 1138 3020 atque

121 3029 191 3088 inde
220 3029 387 3090 medicinali
411 3029 533 3108 specillo
555 3031 586 3089 in
610 3049 712 3091 aurem
741 3029 893 3109 infundes,
918 3047 993 3108 quae
1017 3028 1138 3108 dolebit,

121 3135 211 3196 quarn
235 3117 299 3178 lana
319 3118 448 3180 claudes.
494 3118 593 3179 lacere
618 3127 717 3179 autem
742 3118 832 3179 debet
853 3121 884 3178 in
907 3117 964 3177 alio
988 3117 1079 3178 latere
1103 3119 1138 3190 is,

121 3210 171 3266 eui
195 3206 374 3268 medendum
394 3216 448 3284 est,
471 3215 530 3268 tam
553 3207 614 3287 diu,
638 3208 732 3267 donee
752 3206 901 3268 combibat
919 3205 978 3266 mel
997 3205 1075 3284 quod
1095 3209 1138 3264 in-

121 3295 222 3356 fusum
245 3296 345 3358 fuerit.
392 3295 500 3358 Sabuci
523 3315 609 3358 uvam
634 3304 780 3356 maturam
808 3296 956 3374 exprimes
982 3301 1013 3354 et
1034 3311 1191 3375 pones-13

195 3431 266 3485 lad
284 3448 335 3486 om.
423 3437 456 3484 12
476 3433 500 3485 si
518 3448 568 3488 om.
656 3431 766 3502 subisti]
786 3427 893 3484 scienti.
981 3434 1013 3483 13
1034 3432 1137 3498 cyatos.

124 3507 157 3557 14
176 3502 262 3574 quae]
280 3521 372 3572 quom.
470 3508 504 3557 23
522 3519 578 3572 quo
597 3501 734 3574 egeritur]
754 3500 886 3569 coegitur.
967 3505 1001 3554 29
1021 3499 1138 3556 ollolam

122 3572 212 3629 labari
301 3581 336 3629 30
355 3574 471 3630 sufferri.
544 3579 578 3629 31
597 3573 717 3644 spicillo.
791 3576 824 3626 38
844 3568 995 3627 combibet.

1159 3746 1274 3914 Γ
