<?xml version="1.0" encoding="UTF-8"?>
<!DOCTYPE html PUBLIC "-//W3C//DTD XHTML 1.0 Transitional//EN"
    "http://www.w3.org/TR/xhtml1/DTD/xhtml1-transitional.dtd">
<html xmlns="http://www.w3.org/1999/xhtml" xml:lang="en" lang="en">
 <head>
  <title>
</title>
<meta http-equiv="Content-Type" content="text/html;charset=utf-8" />
  <meta name='ocr-system' content='tesseract 3.04.00' />
  <meta name='ocr-capabilities' content='ocr_page ocr_carea ocr_par ocr_line ocrx_word'/>
</head>
<body>
  <div class='ocr_page' id='page_1' title='image "./marcellidemedic03helmgoog_0070.png"; bbox 0 0 2609 4017; ppageno 0'>
   <div class='ocr_carea' id='block_1_1' title="bbox 585 154 797 219">
    <p class='ocr_par' dir='ltr' id='par_1_1' title="bbox 585 154 797 219">
     <span class='ocr_line' id='line_1_1' title="bbox 585 154 797 219; baseline -0.005 -20"><span class='ocrx_word' id='word_1_1' title='bbox 585 154 797 219; x_wconf 68' lang='lat'>..58-</span> 
     </span>
    </p>
   </div>
   <div class='ocr_carea' id='block_1_2' title="bbox 132 316 1293 1552">
    <p class='ocr_par' dir='ltr' id='par_1_2' title="bbox 132 316 1293 1552">
     <span class='ocr_line' id='line_1_2' title="bbox 185 316 1201 396; baseline -0.004 -17"><span class='ocrx_word' id='word_1_2' title='bbox 185 318 318 379; x_wconf 91' lang='lat' dir='ltr'><strong>triduum</strong></span> <span class='ocrx_word' id='word_1_3' title='bbox 351 327 402 379; x_wconf 90' lang='lat' dir='ltr'><strong>aut</strong></span> <span class='ocrx_word' id='word_1_4' title='bbox 434 325 502 395; x_wconf 87' lang='lat' dir='ltr'><strong>post</strong></span> <span class='ocrx_word' id='word_1_5' title='bbox 531 316 595 377; x_wconf 87' lang='lat' dir='ltr'><strong>dies</strong></span> <span class='ocrx_word' id='word_1_6' title='bbox 625 318 758 396; x_wconf 85' lang='lat' dir='ltr'><strong>quinque</strong></span> <span class='ocrx_word' id='word_1_7' title='bbox 787 316 944 394; x_wconf 82' lang='lat' dir='ltr'><strong>ligaturam</strong></span> <span class='ocrx_word' id='word_1_8' title='bbox 970 333 1057 394; x_wconf 89' lang='lat' dir='ltr'><strong>quam</strong></span> <span class='ocrx_word' id='word_1_9' title='bbox 1091 316 1201 376; x_wconf 85' lang='lat' dir='ltr'><strong>leceris</strong></span> 
     </span>
     <span class='ocr_line' id='line_1_3' title="bbox 132 404 1201 485; baseline -0.004 -16"><span class='ocrx_word' id='word_1_10' title='bbox 132 406 290 469; x_wconf 69' lang='lat' dir='ltr'><strong>resolves.</strong></span> <span class='ocrx_word' id='word_1_11' title='bbox 335 406 368 465; x_wconf 91' lang='lat' dir='ltr'><strong>Si</strong></span> <span class='ocrx_word' id='word_1_12' title='bbox 391 425 461 466; x_wconf 89' lang='lat' dir='ltr'><strong>vero</strong></span> <span class='ocrx_word' id='word_1_13' title='bbox 484 408 547 467; x_wconf 88' lang='lat' dir='ltr'><strong>ictu</strong></span> <span class='ocrx_word' id='word_1_14' title='bbox 570 405 671 485; x_wconf 88' lang='lat' dir='ltr'><strong>aliquo</strong></span> <span class='ocrx_word' id='word_1_15' title='bbox 694 413 783 483; x_wconf 90' lang='lat' dir='ltr'><strong>caput</strong></span> <span class='ocrx_word' id='word_1_16' title='bbox 805 406 933 465; x_wconf 81' lang='lat' dir='ltr'><strong>fractum</strong></span> <span class='ocrx_word' id='word_1_17' title='bbox 956 404 1046 465; x_wconf 85' lang='lat' dir='ltr'><strong>luerit</strong></span> <span class='ocrx_word' id='word_1_18' title='bbox 1069 413 1099 465; x_wconf 91' lang='lat' dir='ltr'><strong>et</strong></span> <span class='ocrx_word' id='word_1_19' title='bbox 1122 412 1201 465; x_wconf 89' lang='lat' dir='ltr'><strong>testa</strong></span> 
     </span>
     <span class='ocr_line' id='line_1_4' title="bbox 186 492 1202 575; baseline -0.004 -18"><span class='ocrx_word' id='word_1_20' title='bbox 186 495 309 575; x_wconf 84' lang='lat' dir='ltr'><strong>conlisa,</strong></span> <span class='ocrx_word' id='word_1_21' title='bbox 341 494 526 555; x_wconf 79' lang='lat' dir='ltr'>medicamen</span> <span class='ocrx_word' id='word_1_22' title='bbox 553 512 675 557; x_wconf 88' lang='lat' dir='ltr'><strong>rosaceo</strong></span> <span class='ocrx_word' id='word_1_23' title='bbox 707 494 773 555; x_wconf 89' lang='lat' dir='ltr'><strong>oleo</strong></span> <span class='ocrx_word' id='word_1_24' title='bbox 800 492 973 573; x_wconf 80' lang='lat' dir='ltr'><strong>liquefacies</strong></span> <span class='ocrx_word' id='word_1_25' title='bbox 1009 501 1039 553; x_wconf 88' lang='lat' dir='ltr'><strong>et</strong></span> <span class='ocrx_word' id='word_1_26' title='bbox 1071 495 1114 554; x_wconf 91' lang='lat' dir='ltr'><strong>sic</strong></span> <span class='ocrx_word' id='word_1_27' title='bbox 1141 495 1202 572; x_wconf 90' lang='lat' dir='ltr'><strong>ipsi</strong></span> 
     </span>
     <span class='ocr_line' id='line_1_5' title="bbox 187 582 1200 645; baseline -0.002 0"><span class='ocrx_word' id='word_1_28' title='bbox 187 586 333 645; x_wconf 74' lang='lat' dir='ltr'><strong>fracturae</strong></span> <span class='ocrx_word' id='word_1_29' title='bbox 365 582 411 644; x_wconf 87' lang='lat' dir='ltr'><strong>vel</strong></span> <span class='ocrx_word' id='word_1_30' title='bbox 439 582 612 644; x_wconf 88' lang='lat' dir='ltr'><strong>vulneribus</strong></span> <span class='ocrx_word' id='word_1_31' title='bbox 644 582 792 644; x_wconf 83' lang='lat' dir='ltr'><strong>infundes.</strong></span> <span class='ocrx_word' id='word_1_32' title='bbox 838 582 940 643; x_wconf 81' lang='lat' dir='ltr'><strong>lutuso</strong></span> <span class='ocrx_word' id='word_1_33' title='bbox 971 600 1042 643; x_wconf 84' lang='lat' dir='ltr'><strong>vero</strong></span> <span class='ocrx_word' id='word_1_34' title='bbox 1071 583 1200 643; x_wconf 87' lang='lat' dir='ltr'><strong>interius</strong></span> 
     </span>
     <span class='ocr_line' id='line_1_6' title="bbox 185 670 1227 751; baseline -0.005 -18"><span class='ocrx_word' id='word_1_35' title='bbox 185 672 379 734; x_wconf 83' lang='lat' dir='ltr'>medicamine</span> <span class='ocrx_word' id='word_1_36' title='bbox 405 672 597 733; x_wconf 85' lang='lat' dir='ltr'><strong>nihilominus</strong></span> <span class='ocrx_word' id='word_1_37' title='bbox 624 672 754 751; x_wconf 76' lang='lat' dir='ltr'><strong>desuper</strong></span> <span class='ocrx_word' id='word_1_38' title='bbox 781 670 879 733; x_wconf 91' lang='lat' dir='ltr'><strong>solum</strong></span> <span class='ocrx_word' id='word_1_39' title='bbox 901 670 1083 731; x_wconf 81' lang='lat' dir='ltr'><strong>medicamen</strong></span> <span class='ocrx_word' id='word_1_40' title='bbox 1106 670 1227 731; x_wconf 83' lang='lat' dir='ltr'><strong>linteos</strong></span> 
     </span>
     <span class='ocr_line' id='line_1_7' title="bbox 184 759 1200 841; baseline 0 -20"><span class='ocrx_word' id='word_1_41' title='bbox 184 762 340 823; x_wconf 88' lang='lat' dir='ltr'><strong>inductum</strong></span> <span class='ocrx_word' id='word_1_42' title='bbox 363 761 495 840; x_wconf 90' lang='lat' dir='ltr'><strong>adpones</strong></span> <span class='ocrx_word' id='word_1_43' title='bbox 519 769 549 822; x_wconf 90' lang='lat' dir='ltr'><strong>et</strong></span> <span class='ocrx_word' id='word_1_44' title='bbox 572 780 663 841; x_wconf 92' lang='lat' dir='ltr'><strong>supra</strong></span> <span class='ocrx_word' id='word_1_45' title='bbox 685 759 791 839; x_wconf 81' lang='lat' dir='ltr'><strong>ligabis</strong></span> <span class='ocrx_word' id='word_1_46' title='bbox 813 759 909 821; x_wconf 92' lang='lat' dir='ltr'><strong>lanam</strong></span> <span class='ocrx_word' id='word_1_47' title='bbox 932 761 1066 822; x_wconf 87' lang='lat' dir='ltr'><strong>sucidam</strong></span> <span class='ocrx_word' id='word_1_48' title='bbox 1084 759 1150 819; x_wconf 89' lang='lat' dir='ltr'><strong>oleo</strong></span> <span class='ocrx_word' id='word_1_49' title='bbox 1167 768 1200 821; x_wconf 91' lang='lat' dir='ltr'><strong>et</strong></span> 
     </span>
     <span class='ocr_line' id='line_1_8' title="bbox 186 848 1200 931; baseline -0.001 -21"><span class='ocrx_word' id='word_1_50' title='bbox 186 858 269 910; x_wconf 91' lang='lat' dir='ltr'><strong>aceto</strong></span> <span class='ocrx_word' id='word_1_51' title='bbox 301 849 418 911; x_wconf 92' lang='lat' dir='ltr'><strong>modico</strong></span> <span class='ocrx_word' id='word_1_52' title='bbox 447 850 595 911; x_wconf 84' lang='lat' dir='ltr'><strong>inlectam.</strong></span> <span class='ocrx_word' id='word_1_53' title='bbox 642 849 684 909; x_wconf 80' lang='lat' dir='ltr'><strong>lle</strong></span> <span class='ocrx_word' id='word_1_54' title='bbox 711 851 777 928; x_wconf 87' lang='lat' dir='ltr'><strong>ipso</strong></span> <span class='ocrx_word' id='word_1_55' title='bbox 804 858 905 911; x_wconf 87' lang='lat' dir='ltr'><strong>autem</strong></span> <span class='ocrx_word' id='word_1_56' title='bbox 932 848 1140 931; x_wconf 81' lang='lat' dir='ltr'><strong>medicamine,</strong></span> <span class='ocrx_word' id='word_1_57' title='bbox 1172 850 1200 909; x_wconf 90' lang='lat' dir='ltr'><strong>si</strong></span> 
     </span>
     <span class='ocr_line' id='line_1_9' title="bbox 185 937 1200 1019; baseline -0.002 -20"><span class='ocrx_word' id='word_1_58' title='bbox 185 938 376 999; x_wconf 87' lang='lat' dir='ltr'><strong>succenderis</strong></span> <span class='ocrx_word' id='word_1_59' title='bbox 399 942 432 999; x_wconf 90' lang='lat' dir='ltr'><strong>in</strong></span> <span class='ocrx_word' id='word_1_60' title='bbox 453 938 591 1000; x_wconf 90' lang='lat' dir='ltr'><strong>cubiculo</strong></span> <span class='ocrx_word' id='word_1_61' title='bbox 614 938 661 999; x_wconf 86' lang='lat' dir='ltr'><strong>vel</strong></span> <span class='ocrx_word' id='word_1_62' title='bbox 682 941 712 999; x_wconf 92' lang='lat' dir='ltr'><strong>iu</strong></span> <span class='ocrx_word' id='word_1_63' title='bbox 731 938 828 1019; x_wconf 91' lang='lat' dir='ltr'><strong>domo,</strong></span> <span class='ocrx_word' id='word_1_64' title='bbox 851 937 968 1016; x_wconf 81' lang='lat' dir='ltr'><strong>fugabis</strong></span> <span class='ocrx_word' id='word_1_65' title='bbox 990 945 1146 1016; x_wconf 81' lang='lat' dir='ltr'><strong>serpentes</strong></span> <span class='ocrx_word' id='word_1_66' title='bbox 1168 946 1200 997; x_wconf 88' lang='lat' dir='ltr'><strong>et</strong></span> 
     </span>
     <span class='ocr_line' id='line_1_10' title="bbox 185 1025 1293 1109; baseline 0.005 -23"><span class='ocrx_word' id='word_1_67' title='bbox 185 1029 211 1086; x_wconf 92' lang='lat' dir='ltr'><strong>si</strong></span> <span class='ocrx_word' id='word_1_68' title='bbox 230 1045 287 1106; x_wconf 89' lang='lat' dir='ltr'><strong>qua</strong></span> <span class='ocrx_word' id='word_1_69' title='bbox 307 1027 366 1088; x_wconf 90' lang='lat' dir='ltr'><strong>illic</strong></span> <span class='ocrx_word' id='word_1_70' title='bbox 389 1027 464 1088; x_wconf 93' lang='lat' dir='ltr'><strong>mala</strong></span> <span class='ocrx_word' id='word_1_71' title='bbox 488 1037 566 1109; x_wconf 89' lang='lat' dir='ltr'><strong>sunt,</strong></span> <span class='ocrx_word' id='word_1_72' title='bbox 589 1028 669 1088; x_wconf 82' lang='lat' dir='ltr'><strong>foras</strong></span> <span class='ocrx_word' id='word_1_73' title='bbox 692 1028 792 1087; x_wconf 92' lang='lat' dir='ltr'><strong>eicies.</strong></span> <span class='ocrx_word' id='word_1_74' title='bbox 828 1025 891 1087; x_wconf 82' lang='lat' dir='ltr'><strong>Hoc</strong></span> <span class='ocrx_word' id='word_1_75' title='bbox 914 1028 979 1105; x_wconf 92' lang='lat' dir='ltr'><strong>ipso</strong></span> <span class='ocrx_word' id='word_1_76' title='bbox 1002 1026 1199 1087; x_wconf 85' lang='lat' dir='ltr'><strong>medicamine</strong></span> <span class='ocrx_word' id='word_1_77' title='bbox 1292 1059 1293 1092; x_wconf 76' lang='lat' dir='ltr'><strong>l</strong></span> 
     </span>
     <span class='ocr_line' id='line_1_11' title="bbox 184 1115 1293 1197; baseline -0.005 -22"><span class='ocrx_word' id='word_1_78' title='bbox 184 1118 306 1177; x_wconf 89' lang='lat' dir='ltr'><strong>incenso</strong></span> <span class='ocrx_word' id='word_1_79' title='bbox 327 1117 425 1178; x_wconf 87' lang='lat' dir='ltr'><strong>suffita</strong></span> <span class='ocrx_word' id='word_1_80' title='bbox 444 1116 551 1177; x_wconf 91' lang='lat' dir='ltr'><strong>mulier</strong></span> <span class='ocrx_word' id='word_1_81' title='bbox 569 1115 654 1177; x_wconf 86' lang='lat' dir='ltr'><strong>facile</strong></span> <span class='ocrx_word' id='word_1_82' title='bbox 675 1115 860 1197; x_wconf 80' lang='lat' dir='ltr'><strong>purgabitur,</strong></span> <span class='ocrx_word' id='word_1_83' title='bbox 879 1117 995 1176; x_wconf 88' lang='lat' dir='ltr'><strong>etiamsi</strong></span> <span class='ocrx_word' id='word_1_84' title='bbox 1013 1133 1106 1194; x_wconf 93' lang='lat' dir='ltr'><strong>pecus</strong></span> <span class='ocrx_word' id='word_1_85' title='bbox 1120 1118 1198 1176; x_wconf 91' lang='lat' dir='ltr'><strong>intra</strong></span> <span class='ocrx_word' id='word_1_86' title='bbox 1213 1132 1238 1171; x_wconf 87' lang='lat'><strong>10</strong></span> <span class='ocrx_word' id='word_1_87' title='bbox 1292 1115 1293 1128; x_wconf 67' lang='lat'>²</span> 
     </span>
     <span class='ocr_line' id='line_1_12' title="bbox 185 1203 1197 1267; baseline -0.002 -2"><span class='ocrx_word' id='word_1_88' title='bbox 185 1212 303 1265; x_wconf 88' lang='lat' dir='ltr'><strong>uterum</strong></span> <span class='ocrx_word' id='word_1_89' title='bbox 336 1205 475 1267; x_wconf 89' lang='lat' dir='ltr'><strong>habuerit</strong></span> <span class='ocrx_word' id='word_1_90' title='bbox 501 1206 695 1266; x_wconf 89' lang='lat' dir='ltr'><strong>inmortuum.</strong></span> <span class='ocrx_word' id='word_1_91' title='bbox 741 1203 976 1265; x_wconf 86' lang='lat' dir='ltr'><strong>Saluberrimum</strong></span> <span class='ocrx_word' id='word_1_92' title='bbox 1004 1212 1103 1265; x_wconf 91' lang='lat' dir='ltr'><strong>autem</strong></span> <span class='ocrx_word' id='word_1_93' title='bbox 1130 1222 1197 1265; x_wconf 90' lang='lat' dir='ltr'><strong>esse</strong></span> 
     </span>
     <span class='ocr_line' id='line_1_13' title="bbox 184 1279 1293 1373; baseline -0.001 -20"><span class='ocrx_word' id='word_1_94' title='bbox 184 1292 322 1355; x_wconf 88' lang='lat' dir='ltr'><strong>omnibus</strong></span> <span class='ocrx_word' id='word_1_95' title='bbox 353 1304 383 1355; x_wconf 87' lang='lat' dir='ltr'><strong>et</strong></span> <span class='ocrx_word' id='word_1_96' title='bbox 416 1293 550 1355; x_wconf 84' lang='lat' dir='ltr'><strong>virilibus</strong></span> <span class='ocrx_word' id='word_1_97' title='bbox 583 1303 614 1355; x_wconf 90' lang='lat' dir='ltr'><strong>et</strong></span> <span class='ocrx_word' id='word_1_98' title='bbox 645 1294 784 1355; x_wconf 78' lang='lat' dir='ltr'><strong>femineis</strong></span> <span class='ocrx_word' id='word_1_99' title='bbox 814 1295 913 1353; x_wconf 88' lang='lat' dir='ltr'><strong>causis</strong></span> <span class='ocrx_word' id='word_1_100' title='bbox 940 1311 978 1353; x_wconf 88' lang='lat' dir='ltr'><strong>ne</strong></span> <span class='ocrx_word' id='word_1_101' title='bbox 1006 1292 1138 1373; x_wconf 85' lang='lat' dir='ltr'><strong>dubites,</strong></span> <span class='ocrx_word' id='word_1_102' title='bbox 1172 1294 1198 1353; x_wconf 93' lang='lat' dir='ltr'><strong>si</strong></span> <span class='ocrx_word' id='word_1_103' title='bbox 1292 1279 1293 1348; x_wconf 67' lang='lat' dir='ltr'><strong>l</strong></span> 
     </span>
     <span class='ocr_line' id='line_1_14' title="bbox 183 1381 1293 1463; baseline -0.001 -21"><span class='ocrx_word' id='word_1_104' title='bbox 183 1384 314 1460; x_wconf 89' lang='lat' dir='ltr'><strong>primum</strong></span> <span class='ocrx_word' id='word_1_105' title='bbox 337 1382 496 1462; x_wconf 86' lang='lat' dir='ltr'><strong>diligenter</strong></span> <span class='ocrx_word' id='word_1_106' title='bbox 518 1400 552 1443; x_wconf 91' lang='lat' dir='ltr'><strong>ac</strong></span> <span class='ocrx_word' id='word_1_107' title='bbox 576 1382 702 1444; x_wconf 86' lang='lat' dir='ltr'><strong>sollicite</strong></span> <span class='ocrx_word' id='word_1_108' title='bbox 725 1382 878 1462; x_wconf 86' lang='lat' dir='ltr'><strong>coniicias,</strong></span> <span class='ocrx_word' id='word_1_109' title='bbox 906 1381 1027 1463; x_wconf 92' lang='lat' dir='ltr'><strong>deiude,</strong></span> <span class='ocrx_word' id='word_1_110' title='bbox 1050 1391 1084 1443; x_wconf 94' lang='lat' dir='ltr'><strong>ut</strong></span> <span class='ocrx_word' id='word_1_111' title='bbox 1107 1400 1197 1460; x_wconf 90' lang='lat' dir='ltr'><strong>supra</strong></span> <span class='ocrx_word' id='word_1_112' title='bbox 1292 1383 1293 1398; x_wconf 65' lang='lat'>¹</span> 
     </span>
     <span class='ocr_line' id='line_1_15' title="bbox 184 1470 690 1552; baseline 0.004 -23"><span class='ocrx_word' id='word_1_113' title='bbox 184 1472 410 1552; x_wconf 89' lang='lat' dir='ltr'><strong>scriptumest,</strong></span> <span class='ocrx_word' id='word_1_114' title='bbox 435 1470 563 1533; x_wconf 89' lang='lat' dir='ltr'><strong>scienter</strong></span> <span class='ocrx_word' id='word_1_115' title='bbox 588 1474 690 1533; x_wconf 88' lang='lat' dir='ltr'><strong>utaris.</strong></span> 
     </span>
    </p>
   </div>
   <div class='ocr_carea' id='block_1_3' title="bbox 601 1665 779 1730">
    <p class='ocr_par' dir='ltr' id='par_1_3' title="bbox 601 1611 1293 1730">
     <span class='ocr_line' id='line_1_16' title="bbox 601 1665 779 1730; baseline -0.013 -3"><span class='ocrx_word' id='word_1_116' title='bbox 601 1666 681 1727; x_wconf 80' lang='lat' dir='ltr'><strong>car.</strong></span> <span class='ocrx_word' id='word_1_117' title='bbox 705 1665 779 1730; x_wconf 87' lang='lat' dir='ltr'><strong>uu.</strong></span> 
     </span>
    </p>
   </div>
   <div class='ocr_carea' id='block_1_4' title="bbox 183 1777 1199 2023">
    <p class='ocr_par' dir='ltr' id='par_1_4' title="bbox 183 1777 1199 2023">
     <span class='ocr_line' id='line_1_17' title="bbox 183 1777 1199 1847; baseline 0 -14"><span class='ocrx_word' id='word_1_118' title='bbox 183 1778 238 1833; x_wconf 79' lang='lat' dir='ltr'><strong>Aa</strong></span> <span class='ocrx_word' id='word_1_119' title='bbox 265 1792 382 1834; x_wconf 86' lang='lat' dir='ltr'><strong>omnes</strong></span> <span class='ocrx_word' id='word_1_120' title='bbox 409 1784 446 1834; x_wconf 83' lang='lat' dir='ltr'><strong>et</strong></span> <span class='ocrx_word' id='word_1_121' title='bbox 467 1778 675 1847; x_wconf 81' lang='lat' dir='ltr'><strong>multiplices</strong></span> <span class='ocrx_word' id='word_1_122' title='bbox 699 1777 877 1833; x_wconf 85' lang='lat' dir='ltr'><strong>oculorum</strong></span> <span class='ocrx_word' id='word_1_123' title='bbox 899 1777 1036 1833; x_wconf 83' lang='lat' dir='ltr'><strong>dolores</strong></span> <span class='ocrx_word' id='word_1_124' title='bbox 1058 1777 1199 1845; x_wconf 79' lang='lat' dir='ltr'><strong>collyria</strong></span> 
     </span>
     <span class='ocr_line' id='line_1_18' title="bbox 184 1866 1198 1936; baseline 0.002 -16"><span class='ocrx_word' id='word_1_125' title='bbox 184 1871 219 1921; x_wconf 83' lang='lat' dir='ltr'><strong>et</strong></span> <span class='ocrx_word' id='word_1_126' title='bbox 245 1867 395 1921; x_wconf 84' lang='lat' dir='ltr'><strong>remedie</strong></span> <span class='ocrx_word' id='word_1_127' title='bbox 422 1866 569 1935; x_wconf 82' lang='lat' dir='ltr'><strong>diverse,</strong></span> <span class='ocrx_word' id='word_1_128' title='bbox 597 1866 700 1922; x_wconf 86' lang='lat' dir='ltr'><strong>etiem</strong></span> <span class='ocrx_word' id='word_1_129' title='bbox 726 1866 866 1936; x_wconf 83' lang='lat' dir='ltr'><strong>physice</strong></span> <span class='ocrx_word' id='word_1_130' title='bbox 894 1867 936 1922; x_wconf 85' lang='lat' dir='ltr'><strong>do</strong></span> <span class='ocrx_word' id='word_1_131' title='bbox 963 1866 1198 1936; x_wconf 82' lang='lat' dir='ltr'><strong>probabilibus</strong></span> 
     </span>
     <span class='ocr_line' id='line_1_19' title="bbox 563 1955 815 2023; baseline 0.004 -14"><span class='ocrx_word' id='word_1_132' title='bbox 563 1955 815 2023; x_wconf 83' lang='lat' dir='ltr'><strong>experimentis.</strong></span> 
     </span>
    </p>
   </div>
   <div class='ocr_carea' id='block_1_5' title="bbox 148 2088 1293 2262">
    <p class='ocr_par' dir='ltr' id='par_1_5' title="bbox 148 2088 1293 2262">
     <span class='ocr_line' id='line_1_20' title="bbox 148 2088 1293 2171; baseline 0.003 -24"><span class='ocrx_word' id='word_1_133' title='bbox 148 2100 163 2147; x_wconf 93' lang='lat'>1</span> <span class='ocrx_word' id='word_1_134' title='bbox 271 2090 314 2149; x_wconf 77' lang='lat' dir='ltr'><strong>Ad</strong></span> <span class='ocrx_word' id='word_1_135' title='bbox 343 2088 585 2151; x_wconf 82' lang='lat' dir='ltr'><strong>conturbationes</strong></span> <span class='ocrx_word' id='word_1_136' title='bbox 614 2098 645 2150; x_wconf 88' lang='lat' dir='ltr'><strong>et</strong></span> <span class='ocrx_word' id='word_1_137' title='bbox 671 2090 865 2170; x_wconf 92' lang='lat' dir='ltr'><strong>lippitudines</strong></span> <span class='ocrx_word' id='word_1_138' title='bbox 889 2090 1002 2152; x_wconf 90' lang='lat' dir='ltr'><strong>subitas</strong></span> <span class='ocrx_word' id='word_1_139' title='bbox 1025 2090 1236 2171; x_wconf 72' lang='lat' dir='ltr'><strong>epiphoras-1⁵</strong></span> <span class='ocrx_word' id='word_1_140' title='bbox 1292 2103 1293 2150; x_wconf 68' lang='lat' dir='ltr'><strong>l</strong></span> 
     </span>
     <span class='ocr_line' id='line_1_21' title="bbox 184 2175 1293 2262; baseline 0.001 -23"><span class='ocrx_word' id='word_1_141' title='bbox 184 2196 243 2258; x_wconf 90' lang='lat' dir='ltr'><strong>que</strong></span> <span class='ocrx_word' id='word_1_142' title='bbox 266 2178 421 2239; x_wconf 89' lang='lat' dir='ltr'><strong>oculorum</strong></span> <span class='ocrx_word' id='word_1_143' title='bbox 445 2180 507 2238; x_wconf 91' lang='lat' dir='ltr'><strong>scio</strong></span> <span class='ocrx_word' id='word_1_144' title='bbox 531 2178 623 2239; x_wconf 91' lang='lat' dir='ltr'><strong>multa</strong></span> <span class='ocrx_word' id='word_1_145' title='bbox 646 2178 780 2259; x_wconf 78' lang='lat' dir='ltr'><strong>collyria,</strong></span> <span class='ocrx_word' id='word_1_146' title='bbox 807 2182 926 2240; x_wconf 88' lang='lat' dir='ltr'><strong>tametsi</strong></span> <span class='ocrx_word' id='word_1_147' title='bbox 949 2180 1046 2262; x_wconf 88' lang='lat' dir='ltr'><strong>tarde,</strong></span> <span class='ocrx_word' id='word_1_148' title='bbox 1074 2198 1197 2259; x_wconf 89' lang='lat' dir='ltr'><strong>magnos</strong></span> <span class='ocrx_word' id='word_1_149' title='bbox 1292 2175 1293 2202; x_wconf 64' lang='lat'>¹</span> 
     </span>
    </p>
   </div>
   <div class='ocr_carea' id='block_1_6' title="bbox 109 2266 1236 3325">
    <p class='ocr_par' dir='ltr' id='par_1_6' title="bbox 109 2266 1236 3325">
     <span class='ocr_line' id='line_1_22' title="bbox 184 2266 1197 2348; baseline -0.001 -20"><span class='ocrx_word' id='word_1_150' title='bbox 184 2277 282 2328; x_wconf 90' lang='lat' dir='ltr'><strong>tamen</strong></span> <span class='ocrx_word' id='word_1_151' title='bbox 306 2267 429 2328; x_wconf 80' lang='lat' dir='ltr'><strong>effectus</strong></span> <span class='ocrx_word' id='word_1_152' title='bbox 447 2266 566 2343; x_wconf 88' lang='lat' dir='ltr'><strong>habere,</strong></span> <span class='ocrx_word' id='word_1_153' title='bbox 589 2267 642 2327; x_wconf 90' lang='lat' dir='ltr'><strong>sed</strong></span> <span class='ocrx_word' id='word_1_154' title='bbox 661 2267 735 2328; x_wconf 90' lang='lat' dir='ltr'><strong>nulli</strong></span> <span class='ocrx_word' id='word_1_155' title='bbox 754 2267 943 2348; x_wconf 75' lang='lat' dir='ltr'><strong>collyriorum</strong></span> <span class='ocrx_word' id='word_1_156' title='bbox 961 2277 1078 2330; x_wconf 89' lang='lat' dir='ltr'><strong>tantum</strong></span> <span class='ocrx_word' id='word_1_157' title='bbox 1098 2268 1197 2329; x_wconf 88' lang='lat' dir='ltr'><strong>tribuo</strong></span> 
     </span>
     <span class='ocr_line' id='line_1_23' title="bbox 184 2354 1196 2438; baseline 0.002 -22"><span class='ocrx_word' id='word_1_158' title='bbox 184 2364 329 2435; x_wconf 90' lang='lat' dir='ltr'><strong>quantum</strong></span> <span class='ocrx_word' id='word_1_159' title='bbox 355 2355 430 2435; x_wconf 76' lang='lat' dir='ltr'><strong>lycio</strong></span> <span class='ocrx_word' id='word_1_160' title='bbox 457 2354 559 2417; x_wconf 90' lang='lat' dir='ltr'><strong>Indico</strong></span> <span class='ocrx_word' id='word_1_161' title='bbox 588 2356 632 2416; x_wconf 86' lang='lat' dir='ltr'><strong>vel</strong></span> <span class='ocrx_word' id='word_1_162' title='bbox 661 2374 715 2435; x_wconf 91' lang='lat' dir='ltr'><strong>per</strong></span> <span class='ocrx_word' id='word_1_163' title='bbox 744 2375 790 2438; x_wconf 74' lang='lat' dir='ltr'><strong>se,</strong></span> <span class='ocrx_word' id='word_1_164' title='bbox 818 2356 875 2418; x_wconf 94' lang='lat' dir='ltr'><strong>boc</strong></span> <span class='ocrx_word' id='word_1_165' title='bbox 902 2359 981 2417; x_wconf 88' lang='lat' dir='ltr'><strong>euim</strong></span> <span class='ocrx_word' id='word_1_166' title='bbox 1010 2360 1089 2418; x_wconf 91' lang='lat' dir='ltr'><strong>iuter</strong></span> <span class='ocrx_word' id='word_1_167' title='bbox 1112 2359 1196 2418; x_wconf 82' lang='lat' dir='ltr'><strong>initia</strong></span> 
     </span>
     <span class='ocr_line' id='line_1_24' title="bbox 184 2444 1197 2526; baseline 0.001 -22"><span class='ocrx_word' id='word_1_168' title='bbox 184 2446 208 2504; x_wconf 89' lang='lat' dir='ltr'><strong>si</strong></span> <span class='ocrx_word' id='word_1_169' title='bbox 228 2446 295 2523; x_wconf 93' lang='lat' dir='ltr'><strong>quis</strong></span> <span class='ocrx_word' id='word_1_170' title='bbox 315 2453 348 2505; x_wconf 89' lang='lat' dir='ltr'><strong>ut</strong></span> <span class='ocrx_word' id='word_1_171' title='bbox 367 2444 487 2525; x_wconf 78' lang='lat' dir='ltr'><strong>collyrio</strong></span> <span class='ocrx_word' id='word_1_172' title='bbox 506 2446 698 2526; x_wconf 89' lang='lat' dir='ltr'><strong>inunguatur,</strong></span> <span class='ocrx_word' id='word_1_173' title='bbox 719 2448 857 2523; x_wconf 85' lang='lat' dir='ltr'><strong>protinus</strong></span> <span class='ocrx_word' id='word_1_174' title='bbox 876 2455 906 2507; x_wconf 89' lang='lat' dir='ltr'><strong>et</strong></span> <span class='ocrx_word' id='word_1_175' title='bbox 924 2446 1026 2507; x_wconf 91' lang='lat' dir='ltr'><strong>dolore</strong></span> <span class='ocrx_word' id='word_1_176' title='bbox 1045 2447 1197 2526; x_wconf 87' lang='lat' dir='ltr'><strong>praesenti</strong></span> 
     </span>
     <span class='ocr_line' id='line_1_25' title="bbox 184 2533 1236 2613; baseline -0.002 -20"><span class='ocrx_word' id='word_1_177' title='bbox 184 2542 214 2594; x_wconf 90' lang='lat' dir='ltr'><strong>et</strong></span> <span class='ocrx_word' id='word_1_178' title='bbox 231 2533 332 2594; x_wconf 82' lang='lat' dir='ltr'><strong>futuro</strong></span> <span class='ocrx_word' id='word_1_179' title='bbox 351 2541 468 2595; x_wconf 90' lang='lat' dir='ltr'><strong>tumore</strong></span> <span class='ocrx_word' id='word_1_180' title='bbox 482 2533 666 2595; x_wconf 81' lang='lat' dir='ltr'><strong>liberabitur.</strong></span> <span class='ocrx_word' id='word_1_181' title='bbox 705 2533 928 2613; x_wconf 88' lang='lat' dir='ltr'><strong>Supervacuum</strong></span> <span class='ocrx_word' id='word_1_182' title='bbox 942 2543 988 2595; x_wconf 89' lang='lat' dir='ltr'><strong>est</strong></span> <span class='ocrx_word' id='word_1_183' title='bbox 1002 2544 1102 2597; x_wconf 88' lang='lat' dir='ltr'><strong>autem</strong></span> <span class='ocrx_word' id='word_1_184' title='bbox 1117 2553 1196 2595; x_wconf 86' lang='lat' dir='ltr'><strong>nunc</strong></span> <span class='ocrx_word' id='word_1_185' title='bbox 1210 2550 1236 2590; x_wconf 80' lang='lat' dir='ltr'><strong>ro</strong></span> 
     </span>
     <span class='ocr_line' id='line_1_26' title="bbox 183 2622 1196 2703; baseline 0.001 -20"><span class='ocrx_word' id='word_1_186' title='bbox 183 2622 284 2684; x_wconf 89' lang='lat' dir='ltr'><strong>laudes</strong></span> <span class='ocrx_word' id='word_1_187' title='bbox 308 2625 372 2684; x_wconf 90' lang='lat' dir='ltr'><strong>eius</strong></span> <span class='ocrx_word' id='word_1_188' title='bbox 396 2624 523 2703; x_wconf 80' lang='lat' dir='ltr'><strong>referre3</strong></span> <span class='ocrx_word' id='word_1_189' title='bbox 547 2626 576 2683; x_wconf 89' lang='lat' dir='ltr'><strong>in</strong></span> <span class='ocrx_word' id='word_1_190' title='bbox 600 2622 666 2684; x_wconf 89' lang='lat' dir='ltr'><strong>aliis</strong></span> <span class='ocrx_word' id='word_1_191' title='bbox 689 2626 768 2683; x_wconf 90' lang='lat' dir='ltr'><strong>enim</strong></span> <span class='ocrx_word' id='word_1_192' title='bbox 792 2630 933 2702; x_wconf 84' lang='lat' dir='ltr'><strong>expertus</strong></span> <span class='ocrx_word' id='word_1_193' title='bbox 953 2624 1108 2703; x_wconf 88' lang='lat' dir='ltr'><strong>intelleges</strong></span> <span class='ocrx_word' id='word_1_194' title='bbox 1127 2626 1196 2684; x_wconf 91' lang='lat' dir='ltr'><strong>sim·</strong></span> 
     </span>
     <span class='ocr_line' id='line_1_27' title="bbox 182 2710 1197 2792; baseline 0.001 -20"><span class='ocrx_word' id='word_1_195' title='bbox 182 2711 268 2791; x_wconf 93' lang='lat' dir='ltr'><strong>plicis</strong></span> <span class='ocrx_word' id='word_1_196' title='bbox 291 2714 335 2771; x_wconf 91' lang='lat' dir='ltr'><strong>rei</strong></span> <span class='ocrx_word' id='word_1_197' title='bbox 358 2714 407 2771; x_wconf 81' lang='lat' dir='ltr'><strong>vix</strong></span> <span class='ocrx_word' id='word_1_198' title='bbox 430 2712 595 2773; x_wconf 88' lang='lat' dir='ltr'><strong>credendos</strong></span> <span class='ocrx_word' id='word_1_199' title='bbox 619 2713 752 2773; x_wconf 83' lang='lat' dir='ltr'><strong>effectus.</strong></span> <span class='ocrx_word' id='word_1_200' title='bbox 784 2710 910 2791; x_wconf 87' lang='lat' dir='ltr'><strong>Oportet</strong></span> <span class='ocrx_word' id='word_1_201' title='bbox 933 2731 1004 2792; x_wconf 90' lang='lat' dir='ltr'><strong>ergo</strong></span> <span class='ocrx_word' id='word_1_202' title='bbox 1024 2723 1057 2774; x_wconf 87' lang='lat' dir='ltr'><strong>ut</strong></span> <span class='ocrx_word' id='word_1_203' title='bbox 1075 2714 1197 2773; x_wconf 93' lang='lat' dir='ltr'><strong>minime</strong></span> 
     </span>
     <span class='ocr_line' id='line_1_28' title="bbox 183 2799 1197 2881; baseline 0 -20"><span class='ocrx_word' id='word_1_204' title='bbox 183 2809 288 2879; x_wconf 88' lang='lat' dir='ltr'><strong>quater</strong></span> <span class='ocrx_word' id='word_1_205' title='bbox 312 2802 506 2879; x_wconf 88' lang='lat' dir='ltr'><strong>quinquiesve</strong></span> <span class='ocrx_word' id='word_1_206' title='bbox 530 2819 566 2861; x_wconf 81' lang='lat' dir='ltr'><strong>ex</strong></span> <span class='ocrx_word' id='word_1_207' title='bbox 584 2799 739 2861; x_wconf 90' lang='lat' dir='ltr'><strong>intervallo</strong></span> <span class='ocrx_word' id='word_1_208' title='bbox 758 2800 930 2879; x_wconf 87' lang='lat' dir='ltr'><strong>lippientem</strong></span> <span class='ocrx_word' id='word_1_209' title='bbox 949 2803 1066 2881; x_wconf 81' lang='lat' dir='ltr'><strong>inungi3</strong></span> <span class='ocrx_word' id='word_1_210' title='bbox 1089 2801 1197 2863; x_wconf 89' lang='lat' dir='ltr'><strong>deinde</strong></span> 
     </span>
     <span class='ocr_line' id='line_1_29' title="bbox 183 2886 1198 2970; baseline 0 -21"><span class='ocrx_word' id='word_1_211' title='bbox 183 2906 251 2949; x_wconf 89' lang='lat' dir='ltr'><strong>cum</strong></span> <span class='ocrx_word' id='word_1_212' title='bbox 280 2886 468 2949; x_wconf 88' lang='lat' dir='ltr'><strong>conbiberint</strong></span> <span class='ocrx_word' id='word_1_213' title='bbox 496 2888 586 2968; x_wconf 91' lang='lat' dir='ltr'><strong>oculi,</strong></span> <span class='ocrx_word' id='word_1_214' title='bbox 615 2888 653 2948; x_wconf 93' lang='lat' dir='ltr'><strong>ad·</strong></span> <span class='ocrx_word' id='word_1_215' title='bbox 680 2888 812 2967; x_wconf 90' lang='lat' dir='ltr'><strong>singulas</strong></span> <span class='ocrx_word' id='word_1_216' title='bbox 839 2891 1029 2951; x_wconf 90' lang='lat' dir='ltr'><strong>inunctiones</strong></span> <span class='ocrx_word' id='word_1_217' title='bbox 1057 2909 1093 2951; x_wconf 83' lang='lat' dir='ltr'><strong>ex</strong></span> <span class='ocrx_word' id='word_1_218' title='bbox 1120 2908 1198 2970; x_wconf 91' lang='lat' dir='ltr'><strong>aqua</strong></span> 
     </span>
     <span class='ocr_line' id='line_1_30' title="bbox 182 2975 1234 3059; baseline 0.005 -24"><span class='ocrx_word' id='word_1_219' title='bbox 182 2994 272 3056; x_wconf 91' lang='lat' dir='ltr'><strong>quam</strong></span> <span class='ocrx_word' id='word_1_220' title='bbox 295 2978 426 3055; x_wconf 89' lang='lat' dir='ltr'><strong>poterint</strong></span> <span class='ocrx_word' id='word_1_221' title='bbox 450 2979 597 3037; x_wconf 89' lang='lat' dir='ltr'><strong>sustinere</strong></span> <span class='ocrx_word' id='word_1_222' title='bbox 622 2975 800 3037; x_wconf 87' lang='lat' dir='ltr'><strong>calidissima</strong></span> <span class='ocrx_word' id='word_1_223' title='bbox 819 2981 959 3057; x_wconf 85' lang='lat' dir='ltr'><strong>spongeis</strong></span> <span class='ocrx_word' id='word_1_224' title='bbox 976 2981 1125 3059; x_wconf 83' lang='lat' dir='ltr'><strong>expressis</strong></span> <span class='ocrx_word' id='word_1_225' title='bbox 1148 2996 1196 3040; x_wconf 86' lang='lat' dir='ltr'><strong>va·</strong></span> <span class='ocrx_word' id='word_1_226' title='bbox 1210 2993 1234 3033; x_wconf 78' lang='lat'><strong>²⁵</strong></span> 
     </span>
     <span class='ocr_line' id='line_1_31' title="bbox 183 3064 1198 3148; baseline 0.004 -24"><span class='ocrx_word' id='word_1_227' title='bbox 183 3066 282 3144; x_wconf 83' lang='lat' dir='ltr'><strong>parari</strong></span> <span class='ocrx_word' id='word_1_228' title='bbox 306 3064 418 3126; x_wconf 86' lang='lat' dir='ltr'><strong>diutius</strong></span> <span class='ocrx_word' id='word_1_229' title='bbox 441 3065 605 3145; x_wconf 89' lang='lat' dir='ltr'><strong>eodemque</strong></span> <span class='ocrx_word' id='word_1_230' title='bbox 629 3066 677 3126; x_wconf 89' lang='lat' dir='ltr'><strong>die</strong></span> <span class='ocrx_word' id='word_1_231' title='bbox 705 3068 735 3125; x_wconf 91' lang='lat' dir='ltr'><strong>in</strong></span> <span class='ocrx_word' id='word_1_232' title='bbox 763 3065 912 3127; x_wconf 89' lang='lat' dir='ltr'><strong>balineum</strong></span> <span class='ocrx_word' id='word_1_233' title='bbox 940 3068 1011 3128; x_wconf 89' lang='lat' dir='ltr'><strong>duci</strong></span> <span class='ocrx_word' id='word_1_234' title='bbox 1037 3086 1119 3148; x_wconf 91' lang='lat' dir='ltr'><strong>eum,</strong></span> <span class='ocrx_word' id='word_1_235' title='bbox 1145 3070 1198 3147; x_wconf 92' lang='lat' dir='ltr'><strong>qui</strong></span> 
     </span>
     <span class='ocr_line' id='line_1_32' title="bbox 149 3153 1197 3237; baseline 0.005 -24"><span class='ocrx_word' id='word_1_236' title='bbox 149 3176 151 3183; x_wconf 64' lang='grc'>’</span> <span class='ocrx_word' id='word_1_237' title='bbox 182 3155 324 3215; x_wconf 89' lang='lat' dir='ltr'><strong>inunctus</strong></span> <span class='ocrx_word' id='word_1_238' title='bbox 348 3153 451 3234; x_wconf 85' lang='lat' dir='ltr'><strong>luerit,</strong></span> <span class='ocrx_word' id='word_1_239' title='bbox 479 3155 519 3213; x_wconf 89' lang='lat' dir='ltr'><strong>ita</strong></span> <span class='ocrx_word' id='word_1_240' title='bbox 543 3162 576 3215; x_wconf 91' lang='lat' dir='ltr'><strong>ut</strong></span> <span class='ocrx_word' id='word_1_241' title='bbox 600 3172 668 3215; x_wconf 91' lang='lat' dir='ltr'><strong>cum</strong></span> <span class='ocrx_word' id='word_1_242' title='bbox 692 3163 792 3215; x_wconf 87' lang='lat' dir='ltr'><strong>cetero</strong></span> <span class='ocrx_word' id='word_1_243' title='bbox 816 3174 941 3235; x_wconf 89' lang='lat' dir='ltr'><strong>corpore</strong></span> <span class='ocrx_word' id='word_1_244' title='bbox 964 3164 1054 3237; x_wconf 87' lang='lat' dir='ltr'><strong>caput</strong></span> <span class='ocrx_word' id='word_1_245' title='bbox 1077 3175 1197 3236; x_wconf 90' lang='lat' dir='ltr'><strong>quoque</strong></span> 
     </span>
     <span class='ocr_line' id='line_1_33' title="bbox 109 3242 1196 3325; baseline 0.002 -22"><span class='ocrx_word' id='word_1_246' title='bbox 109 3243 113 3251; x_wconf 83' lang='lat'>&#39;</span> <span class='ocrx_word' id='word_1_247' title='bbox 183 3252 213 3303; x_wconf 91' lang='lat' dir='ltr'><strong>et</strong></span> <span class='ocrx_word' id='word_1_248' title='bbox 239 3243 345 3303; x_wconf 81' lang='lat' dir='ltr'><strong>faciem</strong></span> <span class='ocrx_word' id='word_1_249' title='bbox 373 3242 483 3305; x_wconf 89' lang='lat' dir='ltr'><strong>calidae</strong></span> <span class='ocrx_word' id='word_1_250' title='bbox 506 3245 653 3322; x_wconf 87' lang='lat' dir='ltr'><strong>inmergat</strong></span> <span class='ocrx_word' id='word_1_251' title='bbox 677 3250 707 3303; x_wconf 91' lang='lat' dir='ltr'><strong>et</strong></span> <span class='ocrx_word' id='word_1_252' title='bbox 730 3244 826 3305; x_wconf 81' lang='lat' dir='ltr'><strong>foveat</strong></span> <span class='ocrx_word' id='word_1_253' title='bbox 849 3247 1010 3324; x_wconf 90' lang='lat' dir='ltr'><strong>vinumque</strong></span> <span class='ocrx_word' id='word_1_254' title='bbox 1033 3253 1102 3325; x_wconf 88' lang='lat' dir='ltr'><strong>post</strong></span> <span class='ocrx_word' id='word_1_255' title='bbox 1124 3244 1196 3305; x_wconf 89' lang='lat' dir='ltr'><strong>bali-</strong></span> 
     </span>
    </p>
   </div>
   <div class='ocr_carea' id='block_1_7' title="bbox 184 3377 1294 3537">
    <p class='ocr_par' dir='ltr' id='par_1_7' title="bbox 184 3377 1294 3537">
     <span class='ocr_line' id='line_1_34' title="bbox 256 3377 1197 3449; baseline 0.004 -18"><span class='ocrx_word' id='word_1_256' title='bbox 256 3381 288 3431; x_wconf 82' lang='lat'><strong>18</strong></span> <span class='ocrx_word' id='word_1_257' title='bbox 308 3377 403 3432; x_wconf 89' lang='lat' dir='ltr'><strong>Indico</strong></span> <span class='ocrx_word' id='word_1_258' title='bbox 422 3377 480 3449; x_wconf 88' lang='lat' dir='ltr'><strong>rel]</strong></span> <span class='ocrx_word' id='word_1_259' title='bbox 498 3377 636 3435; x_wconf 87' lang='lat' dir='ltr'><strong>indicove.</strong></span> <span class='ocrx_word' id='word_1_260' title='bbox 721 3384 753 3434; x_wconf 79' lang='lat'><strong>19</strong></span> <span class='ocrx_word' id='word_1_261' title='bbox 772 3379 948 3449; x_wconf 85' lang='lat' dir='ltr'><strong>inungeetur.</strong></span> <span class='ocrx_word' id='word_1_262' title='bbox 1035 3386 1069 3435; x_wconf 78' lang='lat'><strong>22</strong></span> <span class='ocrx_word' id='word_1_263' title='bbox 1088 3378 1197 3436; x_wconf 80' lang='lat' dir='ltr'><strong>effectis</strong></span> 
     </span>
     <span class='ocr_line' id='line_1_35' title="bbox 184 3419 1294 3537; baseline 0.001 -33"><span class='ocrx_word' id='word_1_264' title='bbox 184 3449 290 3518; x_wconf 80' lang='lat' dir='ltr'><strong>oportit</strong></span> <span class='ocrx_word' id='word_1_265' title='bbox 309 3451 361 3516; x_wconf 82' lang='lat' dir='ltr'><strong>(ric</strong></span> <span class='ocrx_word' id='word_1_266' title='bbox 378 3451 499 3531; x_wconf 77' lang='lat' dir='ltr'><strong>saepius)</strong></span> <span class='ocrx_word' id='word_1_267' title='bbox 563 3450 693 3504; x_wconf 88' lang='lat' dir='ltr'><strong>menime.</strong></span> <span class='ocrx_word' id='word_1_268' title='bbox 758 3456 793 3506; x_wconf 78' lang='lat'><strong>24</strong></span> <span class='ocrx_word' id='word_1_269' title='bbox 812 3451 975 3507; x_wconf 79' lang='lat' dir='ltr'><strong>coniverint</strong></span> <span class='ocrx_word' id='word_1_270' title='bbox 1040 3456 1075 3506; x_wconf 76' lang='lat'><strong>26</strong></span> <span class='ocrx_word' id='word_1_271' title='bbox 1094 3453 1197 3521; x_wconf 88' lang='lat' dir='ltr'><strong>ephon·</strong></span> <span class='ocrx_word' id='word_1_272' title='bbox 1292 3419 1294 3537; x_wconf 56' lang='lat' dir='ltr'><strong>l</strong></span> 
     </span>
    </p>
   </div>
   <div class='ocr_carea' id='block_1_8' title="bbox 129 3518 476 3606">
    <p class='ocr_par' dir='ltr' id='par_1_8' title="bbox 129 3518 476 3606">
     <span class='ocr_line' id='line_1_36' title="bbox 129 3518 476 3606; baseline 0.009 -34"><span class='ocrx_word' id='word_1_273' title='bbox 129 3518 251 3606; x_wconf 66' lang='lat' dir='ltr'><strong>..sapie</strong></span> <span class='ocrx_word' id='word_1_274' title='bbox 324 3524 358 3574; x_wconf 79' lang='lat'><strong>28</strong></span> <span class='ocrx_word' id='word_1_275' title='bbox 377 3521 476 3575; x_wconf 82' lang='lat' dir='ltr'><strong>cehde.</strong></span> 
     </span>
    </p>
   </div>
   <div class='ocr_carea' id='block_1_9' title="bbox 0 0 1310 4017">
    <p class='ocr_par' dir='ltr' id='par_1_9' title="bbox 0 0 1310 4017">
     <span class='ocr_line' id='line_1_37' title="bbox 0 0 1310 4017; baseline 0 1"><span class='ocrx_word' id='word_1_276' title='bbox 0 0 1310 4017; x_wconf 95' lang='lat' dir='ltr'><strong> </strong></span> 
     </span>
    </p>
   </div>
  </div>
 </body>
</html>
