2609 4017
498 189 653 254 -235
702 224 740 236 -

98 373 139 414 ea
170 353 316 431 malagma
340 353 450 413 lactum
474 352 576 433 luerit,
605 352 724 413 rubrica
748 352 899 413 coloratur
922 360 953 411 et
976 354 1130 432 inponitur

98 452 205 521 atque
233 443 330 503 tribus
358 442 441 502 boris
468 440 608 522 habetur,
636 449 705 521 post
732 442 789 502 hoc
813 444 845 501 in
868 439 1017 502 balineum
1040 440 1129 502 homo

98 532 236 592 ducitur
260 538 290 591 et
313 530 386 591 solio
410 530 461 590 diu
484 530 609 591 fovetur.

204 619 290 680 Aeris
308 620 413 680 liorem
431 621 534 680 tritum
553 619 629 679 bene
649 638 717 680 cum
737 621 833 698 sinapi
854 627 905 680 aut
924 621 1013 680 etiam
1032 619 1128 681 solum
1149 628 1181 678 17

66 711 216 769 omittes
240 711 272 768 in
295 716 412 783 acetum
436 708 583 787 simulque
607 710 638 769 in
662 708 817 770 bucculari
839 709 988 788 decoquas
1011 712 1066 791 ita,
1095 720 1130 770 ut

100 798 297 877 aliquamdiu
329 796 390 858 illic
422 796 547 858 bulliant
581 806 610 857 et
643 798 679 859 ad
712 797 936 858 similitudinem
968 797 1128 876 pulticulae

100 890 298 968 spissentur3
325 893 428 965 postea
456 888 487 946 in
515 888 667 947 vaccinam
690 888 833 947 vessicam
859 886 952 947 calida
976 905 1010 947 ea
1033 895 1128 947 trans-

100 977 193 1037 feres
215 978 266 1056 ita,
291 984 325 1036 ut
347 973 464 1035 duobus
488 974 588 1053 digitis
610 975 722 1055 liquori
740 976 810 1035 huic
830 977 943 1035 vessica
962 978 1056 1035 maior
1076 978 1128 1057 sit3

100 1074 178 1125 tum
197 1063 295 1144 spleni
314 1066 385 1126 satis
405 1063 532 1125 calidum
550 1063 734 1125 medicamen
751 1064 891 1143 adpones,
909 1062 1015 1142 ligabis
1029 1064 1128 1145 fascia,

56 1172 85 1211 1o
101 1156 202 1215 tertia
227 1154 274 1213 die
299 1152 401 1232 solves,
425 1153 554 1213 mirabili
578 1152 774 1231 gratulaberis
797 1152 938 1213 remedio.

203 1243 323 1303 Guttam
342 1243 517 1303 ammoniaci
535 1245 566 1301 in
581 1251 697 1303 acetum
713 1242 882 1303 scilliticum
896 1242 1045 1323 infundes,
1059 1250 1127 1320 post
1148 1250 1181 1298 18

103 1333 238 1393 biduum
267 1334 308 1392 ita
335 1339 428 1411 terea,
456 1339 491 1391 ut
517 1333 549 1391 in
575 1350 673 1410 panno
701 1335 796 1409 possit
823 1331 938 1412 induci,
967 1350 1026 1410 quo
1050 1332 1128 1391 lacto

106 1422 212 1501 spleni
230 1420 359 1500 adpones
381 1428 410 1480 et
429 1420 525 1480 fascea
544 1419 702 1500 diligenter
720 1419 825 1500 ligabis
840 1428 870 1480 et
883 1422 978 1480 uteris
993 1428 1053 1480 tam
1068 1420 1128 1500 diu,

107 1512 209 1571 donec
233 1528 287 1588 per
310 1528 342 1569 se
366 1517 556 1570 consumatur
580 1516 610 1569 et
633 1512 697 1570 sine
721 1509 827 1570 balneo
850 1508 1064 1587 abstergentur.

62 1616 92 1658 15
204 1599 247 1659 Ad
267 1598 378 1677 splenis
397 1597 529 1659 dolorem
547 1601 788 1677 expertissimum
802 1597 967 1659 remedium
982 1599 1038 1658 sic:
1058 1597 1126 1657 Car·
1148 1606 1180 1653 19

109 1689 252 1768 damomi,
270 1687 413 1769 pyrethri,
433 1689 553 1769 sinapis,
573 1689 649 1748 turis
667 1687 799 1769 masculi,
814 1688 981 1766 aphronitri
995 1687 1129 1767 aequalia

109 1777 246 1857 pondera
265 1777 301 1837 de
322 1776 446 1854 singulis
466 1775 624 1855 speciebus
643 1778 809 1838 contundes
829 1788 858 1837 et
873 1795 984 1856 coques
998 1779 1029 1837 in
1044 1783 1127 1837 aceto
1181 1849 1184 1854 Α

111 1866 250 1927 scillitico
266 1874 295 1926 et
310 1868 341 1925 in
355 1884 448 1926 uniam
462 1866 602 1927 miscebis
621 1865 789 1949 locumque,
808 1869 857 1927 cui
876 1866 1059 1926 medicamen
1079 1866 1127 1925 ad·

110 1975 218 2036 ponae,
232 1956 418 2035 frequentius
433 1955 602 2035 detergebis
617 1964 647 2017 et
657 1956 824 2034 adpositum
835 1973 920 2015 mane
931 1955 1127 2016 medicamen-

66 2064 94 2104 ao
111 2058 178 2106 turn
192 2048 224 2105 in
237 2045 341 2105 boram
356 2046 513 2123 septimam
528 2063 593 2105 esse
608 2048 745 2127 patieris3
759 2054 862 2124 postea
877 2063 954 2126 eum,
970 2047 1019 2106 cui
1029 2045 1127 2106 mede·

111 2135 196 2209 bere,
206 2134 242 2196 ad
252 2133 383 2195 balineas
392 2136 436 2193 ire
446 2136 612 2213 praecipies
620 2143 709 2214 atque
720 2137 751 2196 in
762 2135 855 2196 calida
864 2134 916 2196 diu
925 2135 1018 2195 foveri
1027 2135 1127 2195 facies.

203 2224 247 2286 Ad
268 2224 400 2304 splenem
419 2223 584 2285 remedium
602 2227 712 2286 mirum
731 2228 788 2287 sic:
811 2225 890 2285 Picis
910 2224 1001 2285 durae
1016 2226 1127 2304 optime
1147 2230 1181 2279 20

112 2316 202 2375 tritae
230 2347 266 2357 —
288 2313 300 2372 l
324 2321 353 2373 et
377 2315 452 2374 costi
475 2316 538 2375 triti
566 2346 602 2355 —-
625 2313 650 2373 ll
678 2314 873 2393 permiscebis
897 2322 986 2374 etex
1009 2332 1044 2373 eo
1068 2315 1127 2373 sin-

112 2403 199 2483 gulas
226 2404 363 2481 potiones
392 2420 427 2463 ex
455 2405 523 2463 vino
551 2411 651 2464 vetere
679 2422 765 2464 mane
793 2406 893 2463 ieiuno
916 2421 971 2481 per
994 2403 1127 2462 triduum

69 2512 96 2552 25
112 2492 208 2572 dabis,
230 2494 273 2552 ita
295 2499 328 2552 ut
351 2492 382 2550 in
406 2494 527 2551 sinistro
551 2492 643 2553 latere
667 2495 719 2572 qui
742 2494 850 2571 accipit
873 2491 925 2552 diu
948 2492 1050 2551 iaceat.

204 2580 247 2640 Ad
273 2579 384 2659 splenis
408 2579 540 2641 dolorem
563 2581 730 2641 remedium
753 2580 857 2640 efficax
881 2581 938 2639 sic:
961 2577 1066 2659 Gallas,
1089 2579 1181 2639 deal

113 2670 225 2750 quibus
253 2676 428 2730 encaustum
455 2670 502 2751 fit,
532 2677 657 2748 quantas
685 2668 813 2729 volueris
841 2686 918 2747 poue
947 2684 1037 2746 super
1065 2686 1129 2728 car·

113 2760 208 2820 bones
232 2760 313 2818 viros
338 2765 368 2818 et
391 2776 499 2819 exures
522 2776 582 2818 non
604 2759 705 2839 nimie,
729 2760 770 2817 ita
793 2766 826 2817 ut
844 2755 997 2836 pulverem
1016 2756 1053 2816 de
1072 2756 1128 2838 his,

113 2850 145 2907 in
170 2866 229 2927 quo
253 2849 292 2907 sit
316 2846 422 2926 aliquis
447 2865 535 2927 sapor
557 2847 714 2928 gallarum,
742 2847 841 2907 facere
864 2847 975 2927 possis3
1004 2845 1040 2906 de
1069 2864 1128 2926 quo

73 2956 99 2995 ao
113 2936 237 3015 pulvere
267 2938 377 3015 optime
402 2938 473 2996 trito
497 2936 631 2996 cocleare
654 2936 776 3015 plenum
799 2937 899 2995 mittes
922 2937 953 2994 in
976 2936 1129 3013 potionem

112 3028 175 3086 vini
198 3025 393 3085 vetustissimi
416 3032 445 3085 et
468 3032 596 3103 potetur.

204 3113 293 3174 libuli
312 3116 430 3173 contusi
449 3132 553 3173 sucum
574 3113 718 3174 coclearia
738 3116 795 3174 tria
814 3133 849 3174 ex
864 3116 925 3174 vini
940 3117 1049 3175 veteris
1064 3132 1128 3193 cya·
1148 3121 1181 3168 22

114 3204 175 3263 this
193 3202 291 3263 tribus
310 3220 365 3279 per
384 3202 517 3263 triduum
536 3202 572 3262 da
587 3203 701 3263 lienoso
715 3203 886 3278 bibendum,
905 3205 946 3263 ita
961 3211 995 3263 ut
1008 3201 1130 3263 ebulum

116 3310 235 3371 semper
254 3308 357 3351 secum
375 3291 482 3352 babeat
498 3293 549 3369 qui
564 3292 729 3353 remedium
744 3294 852 3372 accipit
866 3309 921 3351 nec
936 3299 1016 3351 terra
1030 3292 1128 3368 ipsum

73 3381 235 3442 stabulum
260 3380 410 3441 ferrumve
434 3387 542 3460 tangat.

207 3574 240 3623 13
259 3568 362 3645 fascea,
381 3568 421 3623 sic
439 3569 463 3622 la.
484 3570 501 3623 l.
524 3565 683 3625 Carnarius.
