2609 4017
561 193 800 257 -202-

120 370 153 418 60
172 376 244 419 num
267 356 312 417 lac
336 363 454 418 coctum
477 356 652 434 frequenter
676 355 766 417 hibat.
803 356 898 418 lintae
918 375 1018 418 semen
1037 375 1107 417 cum
1129 355 1193 416 sul·

172 465 247 526 pure
271 448 336 507 vivo
358 447 474 507 minore
497 463 637 505 mensura
664 445 779 506 adiecto
807 455 891 507 aceto
919 447 1065 506 conterito
1094 445 1191 524 idque

171 538 290 597 ieiunus
314 554 399 596 mane
423 541 550 615 gustato,
573 535 684 613 optime
708 535 864 596 adversum
888 534 1020 595 dolorem
1038 533 1190 594 stomachi

119 635 151 685 61
172 625 337 703 accipieris.
367 624 568 703 Repentinum
587 623 732 683 stomachi
751 622 883 684 dolorem
903 632 964 684 tres
979 625 1091 702 ceputii
1105 623 1190 702 longi

171 715 290 793 purgati
313 720 343 773 et
366 711 476 790 singuli
499 730 568 772 cum
590 711 677 772 melle
696 714 807 791 sumpti
826 715 925 774 statim
944 720 1050 773 sanant
1067 730 1188 772 necnon
1204 727 1220 766 s

172 811 203 863 et
216 810 314 862 terrae
328 800 437 861 malum
447 810 612 861 comestum
622 801 741 861 dolores
751 801 895 862 stomachi
905 801 1044 862 celeriter
1053 803 1188 880 castigat.

119 903 153 952 62
264 889 448 950 Solutionem
463 889 607 951 stomachi
621 891 883 970 infirmitatemque
903 892 1125 951 confirmatori
1144 908 1190 950 se·

172 981 292 1040 micocti
315 978 433 1039 vitellus
456 987 487 1038 et
510 978 602 1056 gallae
625 997 695 1056 pars
719 978 841 1040 dimidia
864 982 942 1061 trita,
971 982 997 1039 si
1020 987 1088 1040 ante
1111 979 1189 1039 duas

170 1067 261 1128 horas
284 1087 372 1147 quam
396 1068 481 1129 cibus
505 1075 641 1128 sumatur
665 1069 755 1128 mixta
777 1068 850 1129 haec
874 1087 942 1130 curn
960 1070 1030 1128 vino
1047 1067 1189 1129 haurian-

118 1170 152 1218 63
172 1165 230 1236 tur,
254 1158 306 1217 sed
325 1165 424 1217 vetere
444 1165 474 1217 et
492 1157 648 1236 tepefacto.
690 1156 855 1217 Rancorcm
874 1157 1019 1218 stomachi
1037 1164 1189 1236 temperat
1205 1173 1233 1212 ιο

172 1265 240 1307 caro
269 1248 388 1306 vaccina
416 1264 453 1306 ex
479 1247 540 1305 vini
568 1253 598 1306 et
621 1247 698 1306 aceti
722 1264 814 1324 acqua
837 1249 975 1325 portione
999 1246 1133 1306 discocta
1159 1254 1189 1306 et

172 1333 238 1394 ciho
262 1341 387 1413 sumpta.

116 1435 153 1484 64
260 1421 445 1483 lnllationem
473 1422 619 1483 stomachi
641 1423 746 1482 sedant
768 1421 907 1502 marathi,
929 1423 960 1482 id
985 1431 1032 1483 est
1054 1422 1190 1503 feniculi,
1270 1432 1275 1441 “

172 1519 202 1572 61
221 1513 281 1590 apii
298 1511 415 1572 radices
433 1514 465 1572 in
483 1513 552 1571 vino
571 1511 637 1572 alho
657 1511 779 1572 odorato
798 1520 899 1572 vetere
918 1511 1048 1592 infusae3
1069 1511 1106 1571 de
1127 1531 1189 1590 quo

172 1603 197 1662 si
220 1602 339 1662 ieiunus
363 1602 430 1679 quis
449 1599 570 1681 cyathos
589 1600 665 1660 duos
683 1608 767 1679 potet
785 1619 854 1660 cum
876 1600 987 1661 calidae
1007 1618 1101 1678 aquae
1120 1616 1233 1680 oya-1⁵

171 1690 223 1751 tho
250 1693 373 1769 mixtos,
407 1693 517 1769 optime
546 1691 718 1768 accipietur.
764 1688 858 1750 Rutae
886 1707 1005 1769 quoque
1034 1689 1189 1750 hortensis

171 1779 325 1858 paululum
349 1777 416 1839 ciho
435 1786 586 1858 sumptum
606 1777 653 1838 vel
671 1781 702 1838 in
721 1780 842 1857 potione
861 1777 988 1838 dilutum
1008 1786 1097 1856 atque
1117 1796 1189 1858 epo·

116 1879 151 1928 66
171 1877 235 1929 tum
262 1867 430 1928 inflationes
458 1866 603 1927 stomachi
625 1869 787 1945 conpescit.
833 1865 1016 1927 latiationem
1040 1866 1190 1928 stomachi

171 1958 377 2035 potentissime
392 1955 514 2016 discutit
528 1956 616 2016 fimus
630 1955 715 2016 vituli
729 1974 837 2017 recens
851 1973 887 2015 ex
902 1957 971 2015 vino
985 1957 1071 2034 potui
1085 1956 1189 2036 datus;

169 2045 226 2105 hoc
250 2053 281 2105 et
304 2043 421 2104 dolores
444 2046 509 2104 eius
531 2062 566 2104 ex
588 2044 699 2122 frigore
718 2053 770 2105 aut
788 2045 934 2105 cruditate
954 2044 1075 2105 ohortos
1094 2047 1184 2105 rnira·
1200 2059 1229 2098 20

170 2133 270 2193 hiliter
292 2132 411 2192 mulcet.

115 2234 150 2282 66
258 2221 433 2281 Remedium
456 2221 613 2300 physicum
636 2239 776 2300 magnum
794 2221 954 2283 adversum
974 2221 1106 2282 dolorem
1125 2231 1187 2282 sto·

168 2309 275 2371 machi.
321 2308 354 2370 ln
382 2309 489 2371 lamina
517 2318 658 2389 argentea
686 2309 799 2371 scribes
828 2317 859 2371 et
885 2311 981 2372 dices:
1016 2311 1186 2372 Aritmatho

169 2399 253 2460 aufer
267 2397 385 2459 dolores
405 2400 549 2460 stomachi
567 2399 618 2479 illi,
633 2417 722 2477 quem
736 2401 855 2478 peperit
866 2398 923 2460 illa.
954 2398 1087 2460 Eandem
1101 2400 1186 2460 lami·

168 2507 237 2548 nam
264 2487 330 2548 lana
358 2490 420 2549 ovis
448 2491 530 2549 vivae
558 2487 720 2548 involutam
749 2486 824 2548 collo
853 2487 889 2548 de
917 2487 985 2549 licio
1017 2489 1185 2567 suspendes
1201 2503 1231 2544 ss

169 2585 199 2638 et
226 2577 256 2638 id
285 2594 375 2656 agens
403 2577 498 2638 dices:
535 2576 626 2638 Aufer
649 2577 723 2636 mihi
747 2575 792 2636 vel
814 2576 858 2636 illi
881 2577 1026 2638 stomachi
1052 2577 1187 2638 dolorem

114 2676 149 2726 67
168 2665 342 2727 Aritmatho.
371 2665 510 2726 Dolorem
525 2675 555 2727 et
568 2664 751 2726 inflationem
766 2665 911 2726 stomachi
926 2673 1009 2726 sanat
1022 2668 1107 2726 iecur
1121 2665 1189 2746 lupi

168 2758 253 2833 prius
276 2773 351 2833 aqua
375 2763 507 2836 coctum,
535 2774 604 2815 mox
632 2755 796 2814 arefactum
824 2763 854 2815 et
881 2757 987 2815 tritum
1009 2757 1187 2834 potionique

168 2846 347 2924 inspersum.

114 2945 148 2994 66
256 2930 421 2991 Fastidium
450 2931 595 2992 stomachi
623 2931 735 2992 relevat
762 2950 889 3010 papaver
922 2931 1069 3014 silvestre,
1103 2932 1186 3012 quod
1202 2946 1232 2987 so

169 3019 278 3080 Gallice
302 3019 488 3080 calocatanos
512 3018 630 3101 dicitur,
654 3022 759 3081 tritum
783 3028 813 3081 et
832 3039 868 3080 ex
886 3019 962 3082 lacte
981 3038 1114 3100 capruno
1134 3039 1187 3102 po-

168 3111 214 3170 tui
236 3109 346 3169 datum.

114 3211 148 3260 66
257 3196 413 3275 Epithema
430 3198 575 3275 optimum
590 3197 627 3257 ad
642 3197 828 3258 stomachum
842 3198 1035 3258 reficiendum
1049 3198 1187 3278 mihique

168 3287 409 3366 expertissimum
432 3286 590 3346 coniicitur
612 3289 670 3348 sic:
693 3285 834 3367 Mastiois‚
857 3289 942 3368 toria,
966 3287 1052 3349 nardi
1075 3289 1188 3370 spicae,

258 3421 412 3490 tsulpore.
477 3421 645 3489 tcaepatii.
711 3420 846 3477 8vitelli.
910 3423 1003 3477 tritae.
1067 3423 1186 3492 tcyho.

168 3491 321 3545 sudantur.
373 3497 406 3544 1a
426 3491 543 3544 sedeant
561 3495 610 3544 1m
628 3491 729 3546 sedant
747 3493 805 3546 tm.
864 3497 899 3546 'lt
919 3493 1035 3564 cyatho]
1056 3493 1186 3563 cyathos.

170 3566 203 3615 17
221 3559 374 3630 pauloium.
448 3559 625 3614 adobertus.
698 3568 731 3616 21
752 3560 872 3618 ariotho.

63 3682 162 3746 -s
