2609 4017
588 206 828 272 -212-

199 368 245 431 vel
272 367 415 430 maleficia
442 371 474 430 in
502 368 569 430 cibo
597 377 648 430 aut
673 370 706 429 in
728 370 900 450 potionibus
923 369 999 431 data.
1039 368 1203 447 Conpositio

199 477 271 538 ergo
290 460 354 518 eius
375 466 420 518 est
439 458 518 519 talis:
541 457 678 519 Feniculi
701 461 833 540 seminis,
851 460 969 538 cymini,
988 459 1119 537 geminis
1137 456 1205 516 'lhe-

199 547 288 625 baici,
312 546 419 627 thymi,
443 545 536 626 pulei,
560 549 688 627 origani,
711 549 824 627 piperis
848 547 921 628 albi,
943 546 1053 608 herbae
1078 544 1206 625 Sabinae,

199 635 376 716 petrosilini,
395 635 478 695 cedri
497 638 628 717 seminis,
646 635 880 717 chamaedropis,
898 636 995 696 casiae
1013 634 1119 715 bonae,
1137 632 1205 693 loris
1273 665 1274 712 y

199 723 318 804 barbae,
336 742 424 802 rapae
446 726 577 805 seminis,
596 722 818 805 nardostachys,
836 726 919 785 iunci
937 726 1069 803 seminis,
1089 721 1227 801 culorbts

199 812 301 873 echios
333 812 456 895 radicis,
488 812 544 873 hoc
577 821 623 873 est
655 813 813 893 capsellae,
840 814 955 893 cyperi,
984 811 1134 891 pyrethri,
1161 814 1205 871 tri·
1273 793 1274 872 l

199 899 263 961 folii
282 903 413 982 seminis,
436 902 516 981 quod
535 902 676 962 mulieres
695 909 822 963 utuntur
839 904 872 963 in
890 903 996 981 capite,
1015 902 1135 980 amomi,
1153 918 1206 959 ser·

200 987 275 1069 pulli
302 991 388 1071 sicci,
416 992 584 1072 gentianae,
612 990 799 1051 aristolociae
827 990 944 1069 longae,
973 996 1061 1050 rutae
1090 990 1206 1068 agrestis

200 1079 337 1158 seminis,
359 1081 492 1140 omnium
516 1098 606 1157 supra
630 1081 809 1157 scriptarum
833 1080 1001 1157 specierum
1025 1078 1132 1137 uncias
1156 1078 1207 1136 sin·
1273 1061 1275 1136 l

200 1166 298 1249 gulas3
324 1169 397 1228 item
420 1176 505 1229 rutae
528 1166 704 1246 radiculam,
733 1186 808 1247 quae
832 1168 901 1227 lacit
924 1165 960 1227 ad
985 1184 1148 1245 porcorum
1169 1167 1207 1225 in·
1219 1180 1238 1218 1⁰
1273 1145 1275 1234 l

200 1256 362 1334 commoda,
386 1258 454 1335 agni
476 1256 616 1337 radicem,
639 1256 823 1317 bociamsani
847 1258 908 1316 sive
932 1256 1117 1334 argimoniae
1139 1250 1208 1313 radi·
1273 1241 1274 1300 l

201 1362 274 1424 cem,
298 1344 475 1406 draconteae
499 1344 638 1426 radicem,
662 1364 738 1425 quae
761 1344 846 1405 radix
869 1351 914 1405 est
937 1346 1023 1422 quasi
1047 1352 1164 1404 costum
1183 1350 1209 1401 et

200 1431 276 1493 benc
292 1432 359 1514 olet,
373 1435 455 1493 acori
468 1434 608 1494 radicem.
639 1432 751 1495 Harum
766 1435 934 1512 specierum
948 1431 1082 1511 singulas
1099 1449 1209 1492 semun-

200 1522 261 1582 cias
289 1522 439 1600 adpendes
466 1530 497 1582 et
523 1524 622 1582 omnia
645 1522 692 1583 vel
719 1523 797 1583 inira
820 1520 866 1582 vel
893 1539 983 1600 supra
1015 1522 1130 1601 scripta
1152 1518 1209 1579 dili·

200 1620 305 1689 genter
328 1618 416 1672 tunsa
438 1620 469 1672 et
492 1610 620 1671 cribrata
642 1614 675 1671 in
692 1609 847 1690 pulverem
867 1612 1075 1671 tenuissimum
1096 1609 1239 1687 redigen

200 1718 234 1760 ac
253 1706 357 1779 postea
376 1719 444 1761 cum
462 1700 548 1761 melle
567 1699 675 1780 Attico,
694 1708 839 1780 quantum
858 1699 894 1759 ad
909 1699 1137 1777 spissitudinem
1155 1696 1209 1756 sul-

200 1789 289 1869 liciat,
312 1788 506 1867 permiscebis
530 1798 619 1867 atque
642 1806 679 1848 ex
701 1806 737 1848 eo
761 1807 830 1848 cum
853 1806 928 1865 opus
947 1787 1047 1868 luerit,
1070 1794 1210 1866 quantum

201 1877 348 1937 avellanae
371 1886 417 1937 est
441 1877 620 1958 magnitudo,
643 1878 744 1937 ieiuno
767 1877 839 1937 dare
862 1875 992 1936 debebis.

149 1982 200 2031 tto
290 1964 442 2026 Confectio
466 1968 542 2026 aceti
564 1965 612 2026 dia
633 1965 732 2026 scilhu
750 1965 786 2025 ad
805 1964 1000 2043 digestionem
1019 1970 1050 2023 et
1068 1960 1210 2023 stomachi
1273 1977 1274 2066 y

201 2054 271 2113 vitia
294 2054 350 2113 sic:
375 2052 493 2113 Scillam
517 2072 617 2113 sumes
641 2062 672 2114 et
693 2053 763 2115 iude
788 2052 873 2113 tolles
897 2052 1056 2112 durissima
1074 2060 1240 2129 quaequett
1273 2069 1274 2112 t

202 2148 232 2201 et
255 2142 396 2220 proicics3
424 2140 531 2202 deinde
560 2144 658 2202 omnia
686 2144 847 2203 tenerrima
873 2139 1012 2201 concides
1034 2142 1159 2218 minute,
1182 2147 1211 2199 ut

201 2228 329 2289 babeant
347 2228 453 2289 libram
472 2232 570 2312 semis,
590 2248 714 2309 eamque
734 2230 857 2293 crudam
875 2230 985 2290 coicies
1003 2231 1034 2288 in
1053 2231 1133 2289 aceti
1147 2246 1210 2288 con·
1273 2225 1274 2294 l

201 2318 282 2396 gium
306 2336 399 2377 unum
422 2320 560 2379 acerrimi
583 2326 613 2379 et
636 2338 705 2380 cum
728 2319 780 2379 diu
802 2326 950 2379 macerata
973 2317 1064 2378 luerit
1090 2326 1124 2378 et
1147 2334 1210 2377 eon·
1273 2317 1274 2378 ἶ

202 2405 325 2487 biberit,
352 2406 438 2467 tolles
467 2406 580 2468 scillam
602 2414 633 2467 et
656 2410 806 2488 exprimes
829 2408 919 2485 idque
943 2414 1060 2467 acetum
1082 2404 1210 2484 percola·
1273 2389 1274 2462 l

202 2493 249 2555 bis
273 2503 303 2555 et
325 2496 356 2555 iu
379 2514 429 2557 vas
453 2496 528 2557 bene
551 2499 682 2576 picatum
705 2514 832 2575 repones
855 2497 981 2573 eiusque
1002 2496 1077 2555 aceti
1095 2497 1242 2555 ieiunuso

203 2602 288 2645 manc
308 2586 334 2644 si
353 2584 473 2645 sorbeas
488 2585 602 2664 singula
618 2585 664 2646 vel
679 2585 747 2645 bina
762 2584 908 2663 cocliaria,
928 2583 1113 2644 stomachum
1132 2599 1210 2643 cura·
1273 2573 1274 2634 Ϊ

203 2672 249 2733 bis
278 2680 308 2734 et
332 2674 410 2753 quod
434 2674 470 2733 ad
495 2676 556 2734 oris
580 2673 652 2735 olidi
674 2667 871 2734 valetudinem
895 2671 1022 2752 adtinet,
1044 2671 1101 2731 hoc
1126 2670 1210 2730 medi·

203 2769 339 2822 ramento
367 2761 440 2822 odor
468 2762 561 2822 malus
590 2761 796 2823 emendabitur
824 2769 854 2822 et
882 2763 908 2821 si
937 2762 968 2821 iu
995 2778 1067 2820 naso
1089 2759 1210 2839 polypus

205 2848 304 2928 fuerit,
323 2849 379 2909 hoc
398 2856 481 2910 aceto
501 2851 676 2929 gargalizato
696 2853 831 2911 cicietur.
863 2848 949 2920 Quod
964 2850 1083 2928 quidem
1098 2856 1211 2909 acetum

205 2945 235 2995 et
257 2936 293 2995 ad
317 2936 481 2998 claritatem
505 2939 661 3000 oculorum
679 2946 708 2999 et
726 2939 763 2999 ad
782 2938 916 2998 auditum
936 2939 1053 2998 aurium
1071 2939 1242 3016 optimumst

205 3032 259 3104 est,
279 3026 305 3083 si
324 3023 446 3085 adsidue
466 3029 681 3107 gargarizetnr3
701 3027 736 3087 ad
756 3044 859 3088 vocem
879 3044 997 3104 quoque
1016 3033 1046 3085 et
1065 3025 1101 3085 ad
1120 3026 1210 3101 suspi-

204 3114 283 3173 rium
302 3120 332 3173 et
350 3113 386 3174 ad
406 3113 540 3192 splenem
559 3118 705 3195 optimum
723 3115 887 3176 remedium
903 3122 956 3175 est.
990 3113 1022 3173 Si
1036 3116 1103 3192 quis
1117 3120 1211 3173 autem

294 3282 471 3340 tiaenicnli.
578 3286 708 3339 athimi:
730 3286 788 3356 phu
808 3286 968 3341 Ceramiae.
1076 3289 1209 3337 tsemen

205 3354 389 3409 ehemedrosi.
474 3356 701 3411 ebarhararnm.
790 3372 893 3411 semen
978 3353 1209 3408 nardostorachie.

206 3424 372 3481 eradicem.
447 3434 584 3483 laomen.
657 3428 745 3499 quod]
765 3444 819 3495 quo
840 3426 999 3481 Gornert'us.
1076 3431 1210 3479 asemen.

207 3499 239 3547 11
258 3495 440 3551 hoelemsani.
544 3502 576 3550 18
595 3497 682 3554 debis.
782 3503 815 3550 21
830 3504 895 3566 poet
912 3512 1039 3566 quaeque
1058 3496 1122 3552 odd.
1141 3494 1210 3550 snut
1273 3515 1274 3536 1

205 3569 239 3619 22
259 3564 371 3620 habeat.
437 3573 471 3621 23
491 3567 666 3621 cumbiberit
738 3573 773 3622 25
791 3567 917 3636 picitum.
