<?xml version="1.0" encoding="UTF-8"?>
<!DOCTYPE html PUBLIC "-//W3C//DTD XHTML 1.0 Transitional//EN"
    "http://www.w3.org/TR/xhtml1/DTD/xhtml1-transitional.dtd">
<html xmlns="http://www.w3.org/1999/xhtml" xml:lang="en" lang="en">
 <head>
  <title>
</title>
<meta http-equiv="Content-Type" content="text/html;charset=utf-8" />
  <meta name='ocr-system' content='tesseract 3.04.00' />
  <meta name='ocr-capabilities' content='ocr_page ocr_carea ocr_par ocr_line ocrx_word'/>
</head>
<body>
  <div class='ocr_page' id='page_1' title='image "./marcellidemedic03helmgoog_0249.png"; bbox 0 0 2609 4017; ppageno 0'>
   <div class='ocr_carea' id='block_1_1' title="bbox 495 168 732 231">
    <p class='ocr_par' dir='ltr' id='par_1_1' title="bbox 495 168 732 231">
     <span class='ocr_line' id='line_1_1' title="bbox 495 168 732 231; baseline 0 0"><span class='ocrx_word' id='word_1_1' title='bbox 495 168 732 231; x_wconf 78' lang='lat'>-237-</span> 
     </span>
    </p>
   </div>
   <div class='ocr_carea' id='block_1_2' title="bbox 53 328 1177 3257">
    <p class='ocr_par' dir='ltr' id='par_1_2' title="bbox 96 328 1118 411">
     <span class='ocr_line' id='line_1_2' title="bbox 96 328 1118 411; baseline 0.001 -20"><span class='ocrx_word' id='word_1_2' title='bbox 96 331 155 392; x_wconf 90' lang='lat' dir='ltr'>ubi</span> <span class='ocrx_word' id='word_1_3' title='bbox 184 330 222 392; x_wconf 88' lang='lat' dir='ltr'>de</span> <span class='ocrx_word' id='word_1_4' title='bbox 250 329 365 409; x_wconf 83' lang='lat' dir='ltr'>pecude</span> <span class='ocrx_word' id='word_1_5' title='bbox 389 328 524 391; x_wconf 89' lang='lat' dir='ltr'>sublatus</span> <span class='ocrx_word' id='word_1_6' title='bbox 548 330 651 411; x_wconf 87' lang='lat' dir='ltr'>luerit,</span> <span class='ocrx_word' id='word_1_7' title='bbox 678 348 769 409; x_wconf 89' lang='lat' dir='ltr'>super</span> <span class='ocrx_word' id='word_1_8' title='bbox 792 330 900 391; x_wconf 90' lang='lat' dir='ltr'>lienem</span> <span class='ocrx_word' id='word_1_9' title='bbox 922 330 1052 391; x_wconf 91' lang='lat' dir='ltr'>bominis</span> <span class='ocrx_word' id='word_1_10' title='bbox 1074 335 1118 392; x_wconf 90' lang='lat' dir='ltr'>iu-</span> 
     </span>
    </p>

    <p class='ocr_par' dir='ltr' id='par_1_3' title="bbox 97 418 1120 501">
     <span class='ocr_line' id='line_1_3' title="bbox 97 418 1120 501; baseline 0 -20"><span class='ocrx_word' id='word_1_11' title='bbox 97 422 221 501; x_wconf 91' lang='lat' dir='ltr'>positus</span> <span class='ocrx_word' id='word_1_12' title='bbox 240 428 270 480; x_wconf 88' lang='lat' dir='ltr'>et</span> <span class='ocrx_word' id='word_1_13' title='bbox 289 419 425 498; x_wconf 82' lang='lat' dir='ltr'>alligatus</span> <span class='ocrx_word' id='word_1_14' title='bbox 444 421 518 479; x_wconf 92' lang='lat' dir='ltr'>mire</span> <span class='ocrx_word' id='word_1_15' title='bbox 537 418 670 479; x_wconf 92' lang='lat' dir='ltr'>dolorem</span> <span class='ocrx_word' id='word_1_16' title='bbox 688 422 767 480; x_wconf 92' lang='lat' dir='ltr'>intra</span> <span class='ocrx_word' id='word_1_17' title='bbox 785 438 897 499; x_wconf 85' lang='lat' dir='ltr'>paucos</span> <span class='ocrx_word' id='word_1_18' title='bbox 916 419 980 481; x_wconf 91' lang='lat' dir='ltr'>dies</span> <span class='ocrx_word' id='word_1_19' title='bbox 995 421 1120 501; x_wconf 82' lang='lat' dir='ltr'><strong>auferet,</strong></span> 
     </span>
    </p>

    <p class='ocr_par' dir='ltr' id='par_1_4' title="bbox 100 507 1172 590">
     <span class='ocr_line' id='line_1_4' title="bbox 100 507 1172 590; baseline 0.001 -21"><span class='ocrx_word' id='word_1_20' title='bbox 100 512 130 569; x_wconf 92' lang='lat' dir='ltr'>si</span> <span class='ocrx_word' id='word_1_21' title='bbox 147 517 255 587; x_wconf 86' lang='lat' dir='ltr'>postea</span> <span class='ocrx_word' id='word_1_22' title='bbox 273 509 310 569; x_wconf 93' lang='lat' dir='ltr'>ad</span> <span class='ocrx_word' id='word_1_23' title='bbox 329 509 444 568; x_wconf 81' lang='lat' dir='ltr'>sumum</span> <span class='ocrx_word' id='word_1_24' title='bbox 463 508 672 590; x_wconf 90' lang='lat' dir='ltr'>suspendatur,</span> <span class='ocrx_word' id='word_1_25' title='bbox 690 516 724 569; x_wconf 91' lang='lat' dir='ltr'>ut</span> <span class='ocrx_word' id='word_1_26' title='bbox 737 507 798 570; x_wconf 91' lang='lat' dir='ltr'>illic</span> <span class='ocrx_word' id='word_1_27' title='bbox 812 516 935 570; x_wconf 91' lang='lat' dir='ltr'>arescat.</span> <span class='ocrx_word' id='word_1_28' title='bbox 967 508 1119 571; x_wconf 90' lang='lat' dir='ltr'>Haedinus</span> <span class='ocrx_word' id='word_1_29' title='bbox 1138 522 1172 570; x_wconf 89' lang='grc'>33</span> 
     </span>
    </p>

    <p class='ocr_par' dir='ltr' id='par_1_5' title="bbox 65 596 1119 767">
     <span class='ocr_line' id='line_1_5' title="bbox 101 596 1119 677; baseline 0.002 -20"><span class='ocrx_word' id='word_1_30' title='bbox 101 616 176 659; x_wconf 85' lang='lat' dir='ltr'>vero</span> <span class='ocrx_word' id='word_1_31' title='bbox 200 598 260 658; x_wconf 91' lang='lat' dir='ltr'>lien</span> <span class='ocrx_word' id='word_1_32' title='bbox 284 596 422 657; x_wconf 91' lang='lat' dir='ltr'>similiter</span> <span class='ocrx_word' id='word_1_33' title='bbox 445 604 480 657; x_wconf 87' lang='lat' dir='ltr'>ut</span> <span class='ocrx_word' id='word_1_34' title='bbox 501 596 636 659; x_wconf 91' lang='lat' dir='ltr'>hircinus</span> <span class='ocrx_word' id='word_1_35' title='bbox 660 616 752 676; x_wconf 92' lang='lat' dir='ltr'>super</span> <span class='ocrx_word' id='word_1_36' title='bbox 775 598 907 677; x_wconf 80' lang='lat' dir='ltr'>splenem</span> <span class='ocrx_word' id='word_1_37' title='bbox 930 598 1052 659; x_wconf 82' lang='lat' dir='ltr'>infantis</span> <span class='ocrx_word' id='word_1_38' title='bbox 1071 599 1119 659; x_wconf 92' lang='lat' dir='ltr'>ad·</span> 
     </span>
     <span class='ocr_line' id='line_1_6' title="bbox 65 685 931 767; baseline 0.005 -23"><span class='ocrx_word' id='word_1_39' title='bbox 65 690 222 767; x_wconf 79' lang='lat' dir='ltr'>apositus</span> <span class='ocrx_word' id='word_1_40' title='bbox 246 694 277 747; x_wconf 92' lang='lat' dir='ltr'>et</span> <span class='ocrx_word' id='word_1_41' title='bbox 302 694 433 747; x_wconf 86' lang='lat' dir='ltr'>tumores</span> <span class='ocrx_word' id='word_1_42' title='bbox 457 693 486 747; x_wconf 89' lang='lat' dir='ltr'>et</span> <span class='ocrx_word' id='word_1_43' title='bbox 509 685 641 746; x_wconf 90' lang='lat' dir='ltr'>dolorem</span> <span class='ocrx_word' id='word_1_44' title='bbox 666 688 731 747; x_wconf 92' lang='lat' dir='ltr'>eius</span> <span class='ocrx_word' id='word_1_45' title='bbox 755 686 931 750; x_wconf 83' lang='lat' dir='ltr'><strong>emendabit.</strong></span> 
     </span>
    </p>

    <p class='ocr_par' dir='ltr' id='par_1_6' title="bbox 99 774 1173 1123">
     <span class='ocr_line' id='line_1_7' title="bbox 193 774 1173 857; baseline 0.001 -22"><span class='ocrx_word' id='word_1_46' title='bbox 193 775 218 835; x_wconf 82' lang='lat' dir='ltr'><strong>A</strong></span> <span class='ocrx_word' id='word_1_47' title='bbox 246 774 324 835; x_wconf 90' lang='lat' dir='ltr'>lanio</span> <span class='ocrx_word' id='word_1_48' title='bbox 352 774 460 837; x_wconf 89' lang='lat' dir='ltr'>lienem</span> <span class='ocrx_word' id='word_1_49' title='bbox 489 774 574 836; x_wconf 90' lang='lat' dir='ltr'>vituli</span> <span class='ocrx_word' id='word_1_50' title='bbox 602 777 706 854; x_wconf 90' lang='lat' dir='ltr'>quanti</span> <span class='ocrx_word' id='word_1_51' title='bbox 732 775 859 837; x_wconf 91' lang='lat' dir='ltr'>voluerit</span> <span class='ocrx_word' id='word_1_52' title='bbox 887 794 969 837; x_wconf 91' lang='lat' dir='ltr'>emes</span> <span class='ocrx_word' id='word_1_53' title='bbox 991 788 1173 857; x_wconf 76' lang='lat' dir='ltr'>cumquest</span> 
     </span>
     <span class='ocr_line' id='line_1_8' title="bbox 99 863 1119 946; baseline 0.002 -21"><span class='ocrx_word' id='word_1_54' title='bbox 99 864 236 926; x_wconf 90' lang='lat' dir='ltr'>medium</span> <span class='ocrx_word' id='word_1_55' title='bbox 259 863 412 925; x_wconf 83' lang='lat' dir='ltr'>exsecabis</span> <span class='ocrx_word' id='word_1_56' title='bbox 431 866 556 925; x_wconf 79' lang='lat' dir='ltr'>servatis</span> <span class='ocrx_word' id='word_1_57' title='bbox 578 866 704 943; x_wconf 83' lang='lat' dir='ltr'>integris</span> <span class='ocrx_word' id='word_1_58' title='bbox 723 866 788 926; x_wconf 91' lang='lat' dir='ltr'>eius</span> <span class='ocrx_word' id='word_1_59' title='bbox 806 865 959 946; x_wconf 90' lang='lat' dir='ltr'>lateribus,</span> <span class='ocrx_word' id='word_1_60' title='bbox 982 873 1016 927; x_wconf 91' lang='lat' dir='ltr'>ut</span> <span class='ocrx_word' id='word_1_61' title='bbox 1034 867 1119 927; x_wconf 89' lang='lat' dir='ltr'>undi-</span> 
     </span>
     <span class='ocr_line' id='line_1_9' title="bbox 101 953 1119 1036; baseline 0.004 -22"><span class='ocrx_word' id='word_1_62' title='bbox 101 971 162 1033; x_wconf 90' lang='lat' dir='ltr'>que</span> <span class='ocrx_word' id='word_1_63' title='bbox 182 955 379 1033; x_wconf 88' lang='lat' dir='ltr'>contineatur,</span> <span class='ocrx_word' id='word_1_64' title='bbox 398 960 487 1032; x_wconf 89' lang='lat' dir='ltr'>atque</span> <span class='ocrx_word' id='word_1_65' title='bbox 506 972 583 1033; x_wconf 94' lang='lat' dir='ltr'>eum,</span> <span class='ocrx_word' id='word_1_66' title='bbox 602 956 656 1033; x_wconf 87' lang='lat' dir='ltr'>qui</span> <span class='ocrx_word' id='word_1_67' title='bbox 669 953 750 1014; x_wconf 87' lang='lat' dir='ltr'>dolet</span> <span class='ocrx_word' id='word_1_68' title='bbox 763 953 906 1036; x_wconf 85' lang='lat' dir='ltr'>splenem,</span> <span class='ocrx_word' id='word_1_69' title='bbox 923 956 955 1015; x_wconf 88' lang='lat' dir='ltr'>in</span> <span class='ocrx_word' id='word_1_70' title='bbox 969 954 1119 1018; x_wconf 80' lang='lat' dir='ltr'>balineum</span> 
     </span>
     <span class='ocr_line' id='line_1_10' title="bbox 100 1041 1120 1123; baseline 0.002 -20"><span class='ocrx_word' id='word_1_71' title='bbox 100 1044 198 1103; x_wconf 93' lang='lat' dir='ltr'>duces</span> <span class='ocrx_word' id='word_1_72' title='bbox 221 1049 253 1102; x_wconf 91' lang='lat' dir='ltr'>et</span> <span class='ocrx_word' id='word_1_73' title='bbox 274 1060 329 1121; x_wconf 91' lang='lat' dir='ltr'>per</span> <span class='ocrx_word' id='word_1_74' title='bbox 352 1042 478 1103; x_wconf 90' lang='lat' dir='ltr'>mediam</span> <span class='ocrx_word' id='word_1_75' title='bbox 502 1044 665 1104; x_wconf 81' lang='lat' dir='ltr'>scissuram</span> <span class='ocrx_word' id='word_1_76' title='bbox 687 1041 767 1103; x_wconf 90' lang='lat' dir='ltr'>illius</span> <span class='ocrx_word' id='word_1_77' title='bbox 789 1042 877 1103; x_wconf 91' lang='lat' dir='ltr'>lienis</span> <span class='ocrx_word' id='word_1_78' title='bbox 900 1061 916 1104; x_wconf 92' lang='lat' dir='ltr'>a</span> <span class='ocrx_word' id='word_1_79' title='bbox 940 1047 1036 1123; x_wconf 90' lang='lat' dir='ltr'>capite</span> <span class='ocrx_word' id='word_1_80' title='bbox 1055 1064 1120 1106; x_wconf 92' lang='lat' dir='ltr'>cor·</span> 
     </span>
    </p>

    <p class='ocr_par' dir='ltr' id='par_1_7' title="bbox 53 1126 1120 1549">
     <span class='ocr_line' id='line_1_11' title="bbox 53 1126 1120 1212; baseline 0.007 -25"><span class='ocrx_word' id='word_1_81' title='bbox 53 1150 86 1189; x_wconf 76' lang='lat' dir='ltr'>ro</span> <span class='ocrx_word' id='word_1_82' title='bbox 101 1150 162 1211; x_wconf 94' lang='lat' dir='ltr'>pus</span> <span class='ocrx_word' id='word_1_83' title='bbox 187 1133 253 1193; x_wconf 91' lang='lat' dir='ltr'>eius</span> <span class='ocrx_word' id='word_1_84' title='bbox 276 1149 363 1192; x_wconf 91' lang='lat' dir='ltr'>omne</span> <span class='ocrx_word' id='word_1_85' title='bbox 387 1126 563 1212; x_wconf 83' lang='lat' dir='ltr'>summittes,</span> <span class='ocrx_word' id='word_1_86' title='bbox 585 1133 628 1192; x_wconf 90' lang='lat' dir='ltr'>ita</span> <span class='ocrx_word' id='word_1_87' title='bbox 650 1139 685 1192; x_wconf 93' lang='lat' dir='ltr'>ut</span> <span class='ocrx_word' id='word_1_88' title='bbox 708 1150 803 1211; x_wconf 91' lang='lat' dir='ltr'>usque</span> <span class='ocrx_word' id='word_1_89' title='bbox 827 1132 863 1192; x_wconf 93' lang='lat' dir='ltr'>ad</span> <span class='ocrx_word' id='word_1_90' title='bbox 882 1132 973 1212; x_wconf 88' lang='lat' dir='ltr'>podes</span> <span class='ocrx_word' id='word_1_91' title='bbox 991 1132 1051 1194; x_wconf 92' lang='lat' dir='ltr'>lien</span> <span class='ocrx_word' id='word_1_92' title='bbox 1070 1135 1120 1195; x_wconf 92' lang='lat' dir='ltr'>de·</span> 
     </span>
     <span class='ocr_line' id='line_1_12' title="bbox 102 1220 1120 1302; baseline 0.002 -21"><span class='ocrx_word' id='word_1_93' title='bbox 102 1221 199 1301; x_wconf 81' lang='lat' dir='ltr'>cidat3</span> <span class='ocrx_word' id='word_1_94' title='bbox 223 1220 413 1299; x_wconf 92' lang='lat' dir='ltr'>postmodum</span> <span class='ocrx_word' id='word_1_95' title='bbox 436 1222 534 1299; x_wconf 93' lang='lat' dir='ltr'>ipsum</span> <span class='ocrx_word' id='word_1_96' title='bbox 558 1220 667 1281; x_wconf 92' lang='lat' dir='ltr'>lienem</span> <span class='ocrx_word' id='word_1_97' title='bbox 690 1222 721 1281; x_wconf 91' lang='lat' dir='ltr'>in</span> <span class='ocrx_word' id='word_1_98' title='bbox 745 1221 826 1282; x_wconf 82' lang='lat' dir='ltr'>fumo</span> <span class='ocrx_word' id='word_1_99' title='bbox 846 1222 1012 1300; x_wconf 89' lang='lat' dir='ltr'>suspendes</span> <span class='ocrx_word' id='word_1_100' title='bbox 1031 1231 1120 1302; x_wconf 87' lang='lat' dir='ltr'>atque</span> 
     </span>
     <span class='ocr_line' id='line_1_13' title="bbox 102 1309 1120 1388; baseline 0.001 -17"><span class='ocrx_word' id='word_1_101' title='bbox 102 1310 225 1371; x_wconf 86' lang='lat' dir='ltr'>arefieri</span> <span class='ocrx_word' id='word_1_102' title='bbox 252 1309 355 1388; x_wconf 79' lang='lat' dir='ltr'>lacies3</span> <span class='ocrx_word' id='word_1_103' title='bbox 389 1327 447 1388; x_wconf 85' lang='lat' dir='ltr'>quo</span> <span class='ocrx_word' id='word_1_104' title='bbox 478 1309 555 1371; x_wconf 86' lang='lat' dir='ltr'>lacto</span> <span class='ocrx_word' id='word_1_105' title='bbox 586 1327 654 1370; x_wconf 93' lang='lat' dir='ltr'>cum</span> <span class='ocrx_word' id='word_1_106' title='bbox 686 1310 854 1371; x_wconf 91' lang='lat' dir='ltr'>tumoribus</span> <span class='ocrx_word' id='word_1_107' title='bbox 884 1313 973 1372; x_wconf 92' lang='lat' dir='ltr'>etiam</span> <span class='ocrx_word' id='word_1_108' title='bbox 1001 1310 1120 1373; x_wconf 91' lang='lat' dir='ltr'>dolores</span> 
     </span>
     <span class='ocr_line' id='line_1_14' title="bbox 103 1397 1120 1479; baseline 0.001 -20"><span class='ocrx_word' id='word_1_109' title='bbox 103 1399 193 1460; x_wconf 91' lang='lat' dir='ltr'>lienis</span> <span class='ocrx_word' id='word_1_110' title='bbox 216 1400 255 1479; x_wconf 90' lang='lat' dir='ltr'>is,</span> <span class='ocrx_word' id='word_1_111' title='bbox 283 1400 333 1459; x_wconf 94' lang='lat' dir='ltr'>cui</span> <span class='ocrx_word' id='word_1_112' title='bbox 356 1397 538 1479; x_wconf 83' lang='lat' dir='ltr'>medeberis,</span> <span class='ocrx_word' id='word_1_113' title='bbox 567 1398 666 1460; x_wconf 92' lang='lat' dir='ltr'>sedari</span> <span class='ocrx_word' id='word_1_114' title='bbox 691 1402 800 1460; x_wconf 83' lang='lat' dir='ltr'>sentiet</span> <span class='ocrx_word' id='word_1_115' title='bbox 822 1402 963 1479; x_wconf 89' lang='lat' dir='ltr'>omnique</span> <span class='ocrx_word' id='word_1_116' title='bbox 985 1399 1120 1463; x_wconf 86' lang='lat' dir='ltr'>molestia</span> 
     </span>
     <span class='ocr_line' id='line_1_15' title="bbox 104 1486 373 1549; baseline -0.007 -1"><span class='ocrx_word' id='word_1_117' title='bbox 104 1490 165 1549; x_wconf 89' lang='lat' dir='ltr'>cito</span> <span class='ocrx_word' id='word_1_118' title='bbox 187 1486 373 1548; x_wconf 84' lang='lat' dir='ltr'>liberabitur.</span> 
     </span>
    </p>

    <p class='ocr_par' dir='ltr' id='par_1_8' title="bbox 57 1574 1173 2013">
     <span class='ocr_line' id='line_1_16' title="bbox 57 1574 1173 1657; baseline 0.003 -25"><span class='ocrx_word' id='word_1_119' title='bbox 57 1593 87 1633; x_wconf 81' lang='lat'>1⁵</span> <span class='ocrx_word' id='word_1_120' title='bbox 194 1575 284 1637; x_wconf 91' lang='lat' dir='ltr'>Ebuli</span> <span class='ocrx_word' id='word_1_121' title='bbox 306 1574 446 1657; x_wconf 91' lang='lat' dir='ltr'>radicem,</span> <span class='ocrx_word' id='word_1_122' title='bbox 469 1594 559 1654; x_wconf 91' lang='lat' dir='ltr'>quam</span> <span class='ocrx_word' id='word_1_123' title='bbox 582 1578 645 1636; x_wconf 92' lang='lat' dir='ltr'>sine</span> <span class='ocrx_word' id='word_1_124' title='bbox 670 1576 751 1636; x_wconf 93' lang='lat' dir='ltr'>lerro</span> <span class='ocrx_word' id='word_1_125' title='bbox 774 1576 891 1657; x_wconf 83' lang='lat' dir='ltr'>evellas,</span> <span class='ocrx_word' id='word_1_126' title='bbox 914 1577 1027 1638; x_wconf 92' lang='lat' dir='ltr'>aridam</span> <span class='ocrx_word' id='word_1_127' title='bbox 1050 1595 1119 1638; x_wconf 92' lang='lat' dir='ltr'>con·</span> <span class='ocrx_word' id='word_1_128' title='bbox 1138 1588 1173 1635; x_wconf 80' lang='lat'>35</span> 
     </span>
     <span class='ocr_line' id='line_1_17' title="bbox 104 1664 1119 1747; baseline 0 -21"><span class='ocrx_word' id='word_1_129' title='bbox 104 1675 204 1727; x_wconf 91' lang='lat' dir='ltr'>tusam</span> <span class='ocrx_word' id='word_1_130' title='bbox 232 1664 404 1744; x_wconf 42' lang='lat' dir='ltr'>ct-*pollinis</span> <span class='ocrx_word' id='word_1_131' title='bbox 427 1664 514 1725; x_wconf 94' lang='lat' dir='ltr'>modo</span> <span class='ocrx_word' id='word_1_132' title='bbox 539 1664 698 1725; x_wconf 85' lang='lat' dir='ltr'>cribratam</span> <span class='ocrx_word' id='word_1_133' title='bbox 721 1683 862 1747; x_wconf 87' lang='lat' dir='ltr'>repones,</span> <span class='ocrx_word' id='word_1_134' title='bbox 888 1665 959 1725; x_wconf 92' lang='lat' dir='ltr'>inde</span> <span class='ocrx_word' id='word_1_135' title='bbox 982 1666 1119 1727; x_wconf 91' lang='lat' dir='ltr'>cocliaria</span> 
     </span>
     <span class='ocr_line' id='line_1_18' title="bbox 103 1751 1121 1833; baseline 0 -18"><span class='ocrx_word' id='word_1_136' title='bbox 103 1757 164 1815; x_wconf 88' lang='lat' dir='ltr'>tria</span> <span class='ocrx_word' id='word_1_137' title='bbox 187 1773 224 1815; x_wconf 83' lang='lat' dir='ltr'>ex</span> <span class='ocrx_word' id='word_1_138' title='bbox 246 1756 308 1814; x_wconf 90' lang='lat' dir='ltr'>vini</span> <span class='ocrx_word' id='word_1_139' title='bbox 330 1752 445 1833; x_wconf 81' lang='lat' dir='ltr'>cyathis</span> <span class='ocrx_word' id='word_1_140' title='bbox 463 1751 561 1813; x_wconf 91' lang='lat' dir='ltr'>tribus</span> <span class='ocrx_word' id='word_1_141' title='bbox 579 1755 611 1813; x_wconf 93' lang='lat' dir='ltr'>in</span> <span class='ocrx_word' id='word_1_142' title='bbox 629 1753 731 1813; x_wconf 91' lang='lat' dir='ltr'>limine</span> <span class='ocrx_word' id='word_1_143' title='bbox 752 1762 834 1814; x_wconf 91' lang='lat' dir='ltr'>stans</span> <span class='ocrx_word' id='word_1_144' title='bbox 853 1762 956 1814; x_wconf 90' lang='lat' dir='ltr'>contra</span> <span class='ocrx_word' id='word_1_145' title='bbox 975 1756 1121 1815; x_wconf 83' lang='lat' dir='ltr'>orientem</span> 
     </span>
     <span class='ocr_line' id='line_1_19' title="bbox 103 1841 1121 1925; baseline 0.001 -22"><span class='ocrx_word' id='word_1_146' title='bbox 103 1861 161 1923; x_wconf 90' lang='lat' dir='ltr'>per</span> <span class='ocrx_word' id='word_1_147' title='bbox 175 1842 318 1904; x_wconf 85' lang='lat' dir='ltr'>triduum</span> <span class='ocrx_word' id='word_1_148' title='bbox 341 1841 434 1902; x_wconf 89' lang='lat' dir='ltr'>bibito</span> <span class='ocrx_word' id='word_1_149' title='bbox 458 1843 588 1923; x_wconf 89' lang='lat' dir='ltr'>ieiunus,</span> <span class='ocrx_word' id='word_1_150' title='bbox 611 1842 664 1903; x_wconf 91' lang='lat' dir='ltr'>sed</span> <span class='ocrx_word' id='word_1_151' title='bbox 687 1843 808 1903; x_wconf 86' lang='lat' dir='ltr'>omnino</span> <span class='ocrx_word' id='word_1_152' title='bbox 832 1842 965 1925; x_wconf 90' lang='lat' dir='ltr'>observa,</span> <span class='ocrx_word' id='word_1_153' title='bbox 988 1861 1026 1904; x_wconf 92' lang='lat' dir='ltr'>ne</span> <span class='ocrx_word' id='word_1_154' title='bbox 1050 1843 1121 1905; x_wconf 90' lang='lat' dir='ltr'>ebu-</span> 
     </span>
     <span class='ocr_line' id='line_1_20' title="bbox 104 1932 1120 2013; baseline 0.002 -22"><span class='ocrx_word' id='word_1_155' title='bbox 104 1932 169 1993; x_wconf 89' lang='lat' dir='ltr'>lum</span> <span class='ocrx_word' id='word_1_156' title='bbox 191 1932 276 1992; x_wconf 82' lang='lat' dir='ltr'>lcrr&#39;o¹</span> <span class='ocrx_word' id='word_1_157' title='bbox 295 1932 484 2009; x_wconf 83' lang='lat' dir='ltr'>contingatur</span> <span class='ocrx_word' id='word_1_158' title='bbox 503 1939 555 1993; x_wconf 92' lang='lat' dir='ltr'>aut</span> <span class='ocrx_word' id='word_1_159' title='bbox 574 1949 612 1992; x_wconf 89' lang='lat' dir='ltr'>ne</span> <span class='ocrx_word' id='word_1_160' title='bbox 630 1933 704 2012; x_wconf 89' lang='lat' dir='ltr'>ipse,</span> <span class='ocrx_word' id='word_1_161' title='bbox 723 1932 794 1992; x_wconf 92' lang='lat' dir='ltr'>dum</span> <span class='ocrx_word' id='word_1_162' title='bbox 813 1932 979 1993; x_wconf 91' lang='lat' dir='ltr'>remedium</span> <span class='ocrx_word' id='word_1_163' title='bbox 999 1934 1120 2013; x_wconf 90' lang='lat' dir='ltr'>accipis,</span> 
     </span>
    </p>

    <p class='ocr_par' dir='ltr' id='par_1_9' title="bbox 61 2019 484 2083">
     <span class='ocr_line' id='line_1_21' title="bbox 61 2019 484 2083; baseline 0.009 -6"><span class='ocrx_word' id='word_1_164' title='bbox 61 2037 90 2077; x_wconf 81' lang='lat'>20</span> <span class='ocrx_word' id='word_1_165' title='bbox 104 2022 220 2083; x_wconf 81' lang='lat' dir='ltr'>ferrum</span> <span class='ocrx_word' id='word_1_166' title='bbox 243 2030 343 2082; x_wconf 86' lang='lat' dir='ltr'>tecum</span> <span class='ocrx_word' id='word_1_167' title='bbox 365 2019 484 2081; x_wconf 79' lang='lat' dir='ltr'>habeas.</span> 
     </span>
    </p>

    <p class='ocr_par' dir='ltr' id='par_1_10' title="bbox 103 2108 1173 2457">
     <span class='ocr_line' id='line_1_22' title="bbox 195 2108 1173 2189; baseline -0.003 -20"><span class='ocrx_word' id='word_1_168' title='bbox 195 2108 284 2170; x_wconf 89' lang='lat' dir='ltr'>Ebuli</span> <span class='ocrx_word' id='word_1_169' title='bbox 311 2108 399 2170; x_wconf 88' lang='lat' dir='ltr'>bacas</span> <span class='ocrx_word' id='word_1_170' title='bbox 426 2116 612 2188; x_wconf 90' lang='lat' dir='ltr'>permaturas</span> <span class='ocrx_word' id='word_1_171' title='bbox 640 2112 773 2189; x_wconf 84' lang='lat' dir='ltr'>exprime</span> <span class='ocrx_word' id='word_1_172' title='bbox 801 2117 890 2189; x_wconf 85' lang='lat' dir='ltr'>atque</span> <span class='ocrx_word' id='word_1_173' title='bbox 918 2129 955 2171; x_wconf 84' lang='lat' dir='ltr'>ex</span> <span class='ocrx_word' id='word_1_174' title='bbox 982 2130 1017 2172; x_wconf 91' lang='lat' dir='ltr'>eo</span> <span class='ocrx_word' id='word_1_175' title='bbox 1048 2129 1120 2173; x_wconf 92' lang='lat' dir='ltr'>suco</span> <span class='ocrx_word' id='word_1_176' title='bbox 1140 2120 1173 2167; x_wconf 88' lang='grc'>33</span> 
     </span>
     <span class='ocr_line' id='line_1_23' title="bbox 103 2197 1120 2282; baseline -0.001 -21"><span class='ocrx_word' id='word_1_177' title='bbox 103 2201 176 2261; x_wconf 83' lang='lat' dir='ltr'>viro·</span> <span class='ocrx_word' id='word_1_178' title='bbox 193 2200 251 2259; x_wconf 88' lang='lat' dir='ltr'>tria</span> <span class='ocrx_word' id='word_1_179' title='bbox 274 2198 413 2259; x_wconf 91' lang='lat' dir='ltr'>cocliaria</span> <span class='ocrx_word' id='word_1_180' title='bbox 434 2197 470 2257; x_wconf 94' lang='lat' dir='ltr'>ad</span> <span class='ocrx_word' id='word_1_181' title='bbox 495 2197 573 2258; x_wconf 92' lang='lat' dir='ltr'>diem</span> <span class='ocrx_word' id='word_1_182' title='bbox 597 2198 633 2258; x_wconf 95' lang='lat' dir='ltr'>da</span> <span class='ocrx_word' id='word_1_183' title='bbox 656 2198 797 2281; x_wconf 89' lang='lat' dir='ltr'>bibenda,</span> <span class='ocrx_word' id='word_1_184' title='bbox 820 2198 941 2261; x_wconf 91' lang='lat' dir='ltr'>mulieri</span> <span class='ocrx_word' id='word_1_185' title='bbox 963 2200 1037 2282; x_wconf 96' lang='lat' dir='ltr'>duo,</span> <span class='ocrx_word' id='word_1_186' title='bbox 1061 2219 1120 2280; x_wconf 88' lang='lat' dir='ltr'>quo</span> 
     </span>
     <span class='ocr_line' id='line_1_24' title="bbox 104 2286 1120 2369; baseline 0 -20"><span class='ocrx_word' id='word_1_187' title='bbox 104 2294 226 2367; x_wconf 90' lang='lat' dir='ltr'>sumpto</span> <span class='ocrx_word' id='word_1_188' title='bbox 255 2286 364 2348; x_wconf 90' lang='lat' dir='ltr'>deiciet</span> <span class='ocrx_word' id='word_1_189' title='bbox 390 2305 445 2365; x_wconf 87' lang='lat' dir='ltr'>per</span> <span class='ocrx_word' id='word_1_190' title='bbox 467 2295 603 2347; x_wconf 83' lang='lat' dir='ltr'>ventrem</span> <span class='ocrx_word' id='word_1_191' title='bbox 625 2289 720 2349; x_wconf 91' lang='lat' dir='ltr'>instar</span> <span class='ocrx_word' id='word_1_192' title='bbox 743 2290 909 2369; x_wconf 81' lang='lat' dir='ltr'>sanguinis3</span> <span class='ocrx_word' id='word_1_193' title='bbox 937 2297 1002 2349; x_wconf 92' lang='lat' dir='ltr'>tum</span> <span class='ocrx_word' id='word_1_194' title='bbox 1029 2292 1120 2351; x_wconf 87' lang='lat' dir='ltr'>inter-</span> 
     </span>
     <span class='ocr_line' id='line_1_25' title="bbox 104 2368 1121 2457; baseline 0.001 -19"><span class='ocrx_word' id='word_1_195' title='bbox 104 2380 183 2439; x_wconf 88' lang='lat' dir='ltr'>iecto</span> <span class='ocrx_word' id='word_1_196' title='bbox 211 2368 311 2437; x_wconf 90' lang='lat' dir='ltr'>triduo</span> <span class='ocrx_word' id='word_1_197' title='bbox 339 2393 461 2437; x_wconf 91' lang='lat' dir='ltr'>rursum</span> <span class='ocrx_word' id='word_1_198' title='bbox 485 2375 569 2436; x_wconf 90' lang='lat' dir='ltr'>dabis</span> <span class='ocrx_word' id='word_1_199' title='bbox 597 2383 628 2436; x_wconf 91' lang='lat' dir='ltr'>et</span> <span class='ocrx_word' id='word_1_200' title='bbox 652 2395 707 2455; x_wconf 90' lang='lat' dir='ltr'>per</span> <span class='ocrx_word' id='word_1_201' title='bbox 729 2376 803 2437; x_wconf 90' lang='lat' dir='ltr'>haec</span> <span class='ocrx_word' id='word_1_202' title='bbox 826 2376 979 2437; x_wconf 89' lang='lat' dir='ltr'>intervalla</span> <span class='ocrx_word' id='word_1_203' title='bbox 1002 2386 1121 2457; x_wconf 90' lang='lat' dir='ltr'>repetes</span> 
     </span>
    </p>

    <p class='ocr_par' dir='ltr' id='par_1_11' title="bbox 65 2464 1123 2724">
     <span class='ocr_line' id='line_1_26' title="bbox 65 2464 1122 2545; baseline 0.005 -24"><span class='ocrx_word' id='word_1_204' title='bbox 65 2466 205 2527; x_wconf 77' lang='lat' dir='ltr'>sedando</span> <span class='ocrx_word' id='word_1_205' title='bbox 228 2467 389 2545; x_wconf 87' lang='lat' dir='ltr'>potionem,</span> <span class='ocrx_word' id='word_1_206' title='bbox 412 2464 507 2525; x_wconf 91' lang='lat' dir='ltr'>donec</span> <span class='ocrx_word' id='word_1_207' title='bbox 527 2482 684 2545; x_wconf 83' lang='lat' dir='ltr'>persanes3</span> <span class='ocrx_word' id='word_1_208' title='bbox 707 2467 734 2524; x_wconf 92' lang='lat' dir='ltr'>si</span> <span class='ocrx_word' id='word_1_209' title='bbox 752 2472 875 2543; x_wconf 92' lang='lat' dir='ltr'>propter</span> <span class='ocrx_word' id='word_1_210' title='bbox 894 2465 1122 2527; x_wconf 88' lang='lat' dir='ltr'>amaritudinem</span> 
     </span>
     <span class='ocr_line' id='line_1_27' title="bbox 107 2552 1123 2633; baseline -0.002 -18"><span class='ocrx_word' id='word_1_211' title='bbox 107 2554 204 2616; x_wconf 92' lang='lat' dir='ltr'>solum</span> <span class='ocrx_word' id='word_1_212' title='bbox 232 2572 338 2616; x_wconf 91' lang='lat' dir='ltr'>sucum</span> <span class='ocrx_word' id='word_1_213' title='bbox 365 2553 486 2613; x_wconf 92' lang='lat' dir='ltr'>haurire</span> <span class='ocrx_word' id='word_1_214' title='bbox 515 2572 574 2613; x_wconf 90' lang='lat' dir='ltr'>non</span> <span class='ocrx_word' id='word_1_215' title='bbox 601 2555 748 2633; x_wconf 86' lang='lat' dir='ltr'>potuerit,</span> <span class='ocrx_word' id='word_1_216' title='bbox 774 2552 950 2613; x_wconf 89' lang='lat' dir='ltr'>tantundem</span> <span class='ocrx_word' id='word_1_217' title='bbox 977 2554 1040 2613; x_wconf 77' lang='lat' dir='ltr'>vini</span> <span class='ocrx_word' id='word_1_218' title='bbox 1071 2562 1123 2614; x_wconf 93' lang='lat' dir='ltr'>aut</span> 
     </span>
     <span class='ocr_line' id='line_1_28' title="bbox 107 2641 403 2724; baseline -0.007 -19"><span class='ocrx_word' id='word_1_219' title='bbox 107 2643 251 2724; x_wconf 84' lang='lat' dir='ltr'>oxymelis</span> <span class='ocrx_word' id='word_1_220' title='bbox 273 2641 403 2721; x_wconf 84' lang='lat' dir='ltr'>augebis.</span> 
     </span>
    </p>

    <p class='ocr_par' dir='ltr' id='par_1_12' title="bbox 107 2722 1176 2904">
     <span class='ocr_line' id='line_1_29' title="bbox 197 2722 1176 2815; baseline -0.003 -24"><span class='ocrx_word' id='word_1_221' title='bbox 197 2731 282 2793; x_wconf 74' lang='lat' dir='ltr'>boeti</span> <span class='ocrx_word' id='word_1_222' title='bbox 309 2730 437 2792; x_wconf 87' lang='lat' dir='ltr'>scillitici</span> <span class='ocrx_word' id='word_1_223' title='bbox 465 2729 604 2810; x_wconf 83' lang='lat' dir='ltr'>cyathum</span> <span class='ocrx_word' id='word_1_224' title='bbox 631 2748 738 2810; x_wconf 77' lang='lat' dir='ltr'>tinum,</span> <span class='ocrx_word' id='word_1_225' title='bbox 766 2728 862 2789; x_wconf 87' lang='lat' dir='ltr'>mellis</span> <span class='ocrx_word' id='word_1_226' title='bbox 889 2730 980 2789; x_wconf 88' lang='lat' dir='ltr'>Attici</span> <span class='ocrx_word' id='word_1_227' title='bbox 1008 2722 1047 2815; x_wconf 49' lang='lat'>19·</span> <span class='ocrx_word' id='word_1_228' title='bbox 1072 2728 1176 2811; x_wconf 86' lang='lat' dir='ltr'>111,er</span> 
     </span>
     <span class='ocr_line' id='line_1_30' title="bbox 107 2811 1123 2904; baseline -0.002 -23"><span class='ocrx_word' id='word_1_229' title='bbox 107 2822 274 2882; x_wconf 88' lang='lat' dir='ltr'>vettonicae</span> <span class='ocrx_word' id='word_1_230' title='bbox 302 2827 407 2882; x_wconf 90' lang='lat' dir='ltr'>tunsae</span> <span class='ocrx_word' id='word_1_231' title='bbox 435 2818 581 2880; x_wconf 90' lang='lat' dir='ltr'>cribratae</span> <span class='ocrx_word' id='word_1_232' title='bbox 611 2811 715 2904; x_wconf 51' lang='lat'><em>2111</em></span> <span class='ocrx_word' id='word_1_233' title='bbox 744 2820 776 2878; x_wconf 92' lang='lat' dir='ltr'>in</span> <span class='ocrx_word' id='word_1_234' title='bbox 803 2835 896 2877; x_wconf 93' lang='lat' dir='ltr'>unum</span> <span class='ocrx_word' id='word_1_235' title='bbox 924 2818 1064 2879; x_wconf 90' lang='lat' dir='ltr'>miscebis</span> <span class='ocrx_word' id='word_1_236' title='bbox 1092 2826 1123 2879; x_wconf 91' lang='lat' dir='ltr'>et</span> 
     </span>
    </p>

    <p class='ocr_par' dir='ltr' id='par_1_13' title="bbox 69 2906 1122 3077">
     <span class='ocr_line' id='line_1_31' title="bbox 69 2906 1122 2989; baseline 0.001 -22"><span class='ocrx_word' id='word_1_237' title='bbox 69 2927 95 2967; x_wconf 82' lang='lat' dir='ltr'>so</span> <span class='ocrx_word' id='word_1_238' title='bbox 109 2910 221 2971; x_wconf 90' lang='lat' dir='ltr'>adicies</span> <span class='ocrx_word' id='word_1_239' title='bbox 244 2927 350 2989; x_wconf 88' lang='lat' dir='ltr'>aquam</span> <span class='ocrx_word' id='word_1_240' title='bbox 373 2908 497 2973; x_wconf 89' lang='lat' dir='ltr'>calidam</span> <span class='ocrx_word' id='word_1_241' title='bbox 519 2916 549 2969; x_wconf 93' lang='lat' dir='ltr'>et</span> <span class='ocrx_word' id='word_1_242' title='bbox 568 2907 651 2968; x_wconf 94' lang='lat' dir='ltr'>dabis</span> <span class='ocrx_word' id='word_1_243' title='bbox 670 2909 771 2968; x_wconf 89' lang='lat' dir='ltr'>ieiuno</span> <span class='ocrx_word' id='word_1_244' title='bbox 790 2925 844 2985; x_wconf 95' lang='lat' dir='ltr'>per</span> <span class='ocrx_word' id='word_1_245' title='bbox 862 2906 996 2968; x_wconf 89' lang='lat' dir='ltr'>triduum</span> <span class='ocrx_word' id='word_1_246' title='bbox 1015 2907 1122 2986; x_wconf 92' lang='lat' dir='ltr'>spleni-</span> 
     </span>
     <span class='ocr_line' id='line_1_32' title="bbox 108 3001 432 3077; baseline -0.006 -17"><span class='ocrx_word' id='word_1_247' title='bbox 108 3002 169 3061; x_wconf 89' lang='lat' dir='ltr'>tico</span> <span class='ocrx_word' id='word_1_248' title='bbox 191 3001 353 3077; x_wconf 90' lang='lat' dir='ltr'>potionem.</span> <span class='ocrx_word' id='word_1_249' title='bbox 431 3030 432 3035; x_wconf 18' lang='grc' dir='ltr'><strong>κ</strong></span> 
     </span>
    </p>

    <p class='ocr_par' dir='ltr' id='par_1_14' title="bbox 199 3084 1177 3167">
     <span class='ocr_line' id='line_1_33' title="bbox 199 3084 1177 3167; baseline -0.004 -20"><span class='ocrx_word' id='word_1_250' title='bbox 199 3087 317 3148; x_wconf 89' lang='lat' dir='ltr'>Lotium</span> <span class='ocrx_word' id='word_1_251' title='bbox 341 3089 414 3167; x_wconf 91' lang='lat' dir='ltr'>eius,</span> <span class='ocrx_word' id='word_1_252' title='bbox 438 3088 490 3165; x_wconf 80' lang='lat' dir='ltr'>qtri</span> <span class='ocrx_word' id='word_1_253' title='bbox 514 3084 646 3164; x_wconf 92' lang='lat' dir='ltr'>splenem</span> <span class='ocrx_word' id='word_1_254' title='bbox 670 3085 758 3166; x_wconf 93' lang='lat' dir='ltr'>dolet,</span> <span class='ocrx_word' id='word_1_255' title='bbox 783 3087 921 3164; x_wconf 90' lang='lat' dir='ltr'>quotiens</span> <span class='ocrx_word' id='word_1_256' title='bbox 944 3087 1063 3146; x_wconf 78' lang='lat' dir='ltr'>irriuam</span> <span class='ocrx_word' id='word_1_257' title='bbox 1082 3085 1124 3145; x_wconf 83' lang='lat' dir='ltr'>le·</span> <span class='ocrx_word' id='word_1_258' title='bbox 1142 3094 1177 3143; x_wconf 85' lang='lat'>38</span> 
     </span>
    </p>

    <p class='ocr_par' dir='ltr' id='par_1_15' title="bbox 109 3173 1124 3257">
     <span class='ocr_line' id='line_1_34' title="bbox 109 3173 1124 3257; baseline -0.004 -20"><span class='ocrx_word' id='word_1_259' title='bbox 109 3179 195 3257; x_wconf 91' lang='lat' dir='ltr'>cerit,</span> <span class='ocrx_word' id='word_1_260' title='bbox 215 3176 320 3256; x_wconf 84' lang='lat' dir='ltr'>collige</span> <span class='ocrx_word' id='word_1_261' title='bbox 339 3183 369 3235; x_wconf 92' lang='lat' dir='ltr'>ct</span> <span class='ocrx_word' id='word_1_262' title='bbox 388 3178 517 3236; x_wconf 84' lang='lat' dir='ltr'>cinerem</span> <span class='ocrx_word' id='word_1_263' title='bbox 538 3174 575 3235; x_wconf 93' lang='lat' dir='ltr'>de</span> <span class='ocrx_word' id='word_1_264' title='bbox 594 3175 660 3235; x_wconf 84' lang='lat' dir='ltr'>loco</span> <span class='ocrx_word' id='word_1_265' title='bbox 679 3174 842 3235; x_wconf 91' lang='lat' dir='ltr'>cribratum</span> <span class='ocrx_word' id='word_1_266' title='bbox 861 3176 893 3234; x_wconf 95' lang='lat' dir='ltr'>in</span> <span class='ocrx_word' id='word_1_267' title='bbox 911 3192 1005 3234; x_wconf 90' lang='lat' dir='ltr'>unum</span> <span class='ocrx_word' id='word_1_268' title='bbox 1019 3173 1124 3251; x_wconf 84' lang='lat' dir='ltr'>subige</span> 
     </span>
    </p>
   </div>
   <div class='ocr_carea' id='block_1_3' title="bbox 112 3326 1124 3611">
    <p class='ocr_par' dir='ltr' id='par_1_16' title="bbox 112 3326 1124 3611">
     <span class='ocr_line' id='line_1_35' title="bbox 202 3326 1124 3399; baseline -0.001 -17"><span class='ocrx_word' id='word_1_269' title='bbox 202 3334 235 3383; x_wconf 85' lang='lat'>10</span> <span class='ocrx_word' id='word_1_270' title='bbox 270 3328 307 3383; x_wconf 83' lang='lat' dir='ltr'>ad</span> <span class='ocrx_word' id='word_1_271' title='bbox 338 3328 436 3399; x_wconf 89' lang='lat' dir='ltr'>pedes]</span> <span class='ocrx_word' id='word_1_272' title='bbox 465 3329 499 3383; x_wconf 90' lang='lat' dir='ltr'>ob</span> <span class='ocrx_word' id='word_1_273' title='bbox 527 3328 570 3383; x_wconf 86' lang='lat' dir='ltr'>bis</span> <span class='ocrx_word' id='word_1_274' title='bbox 596 3328 738 3385; x_wconf 79' lang='lat' dir='ltr'>vocabulis</span> <span class='ocrx_word' id='word_1_275' title='bbox 773 3329 856 3383; x_wconf 79' lang='lat' dir='ltr'>codex</span> <span class='ocrx_word' id='word_1_276' title='bbox 886 3342 985 3382; x_wconf 77' lang='lat' dir='ltr'>rursus</span> <span class='ocrx_word' id='word_1_277' title='bbox 1015 3326 1124 3395; x_wconf 77' lang='lat' dir='ltr'>incipit.</span> 
     </span>
     <span class='ocr_line' id='line_1_36' title="bbox 113 3394 1124 3456; baseline -0.003 -2"><span class='ocrx_word' id='word_1_278' title='bbox 113 3406 147 3454; x_wconf 89' lang='lat'>18</span> <span class='ocrx_word' id='word_1_279' title='bbox 167 3399 312 3454; x_wconf 80' lang='lat' dir='ltr'>aebulum=</span> <span class='ocrx_word' id='word_1_280' title='bbox 336 3398 435 3454; x_wconf 88' lang='lat' dir='ltr'>ebulus</span> <span class='ocrx_word' id='word_1_281' title='bbox 460 3398 620 3456; x_wconf 73' lang='lat' dir='ltr'>Cercetius.</span> <span class='ocrx_word' id='word_1_282' title='bbox 693 3405 726 3453; x_wconf 79' lang='lat'>21</span> <span class='ocrx_word' id='word_1_283' title='bbox 752 3397 852 3453; x_wconf 84' lang='lat' dir='ltr'>aebuli</span> <span class='ocrx_word' id='word_1_284' title='bbox 932 3402 965 3451; x_wconf 75' lang='lat'>2⁷</span> <span class='ocrx_word' id='word_1_285' title='bbox 986 3394 1124 3451; x_wconf 84' lang='lat' dir='ltr'>oximelis.</span> 
     </span>
     <span class='ocr_line' id='line_1_37' title="bbox 112 3468 1124 3527; baseline -0.003 -2"><span class='ocrx_word' id='word_1_286' title='bbox 112 3477 147 3525; x_wconf 82' lang='lat'>28</span> <span class='ocrx_word' id='word_1_287' title='bbox 167 3470 271 3527; x_wconf 85' lang='lat' dir='ltr'>scilliti.</span> <span class='ocrx_word' id='word_1_288' title='bbox 343 3476 378 3525; x_wconf 76' lang='lat'>29</span> <span class='ocrx_word' id='word_1_289' title='bbox 397 3470 553 3527; x_wconf 83' lang='lat' dir='ltr'>vetonicae.</span> <span class='ocrx_word' id='word_1_290' title='bbox 626 3476 660 3525; x_wconf 76' lang='lat'>32</span> <span class='ocrx_word' id='word_1_291' title='bbox 678 3469 783 3524; x_wconf 81' lang='lat' dir='ltr'>urinae.</span> <span class='ocrx_word' id='word_1_292' title='bbox 853 3473 887 3523; x_wconf 88' lang='grc'>33</span> <span class='ocrx_word' id='word_1_293' title='bbox 906 3482 1034 3523; x_wconf 86' lang='lat' dir='ltr'>cenerem</span> <span class='ocrx_word' id='word_1_294' title='bbox 1052 3468 1124 3522; x_wconf 81' lang='lat' dir='ltr'>de&#39;l.</span> 
     </span>
     <span class='ocr_line' id='line_1_38' title="bbox 112 3540 590 3611; baseline 0 -16"><span class='ocrx_word' id='word_1_295' title='bbox 112 3540 266 3597; x_wconf 79' lang='lat' dir='ltr'>cribratam</span> <span class='ocrx_word' id='word_1_296' title='bbox 286 3542 354 3611; x_wconf 82' lang='lat' dir='ltr'>(sic)¹</span> <span class='ocrx_word' id='word_1_297' title='bbox 373 3542 420 3597; x_wconf 87' lang='lat' dir='ltr'>sed</span> <span class='ocrx_word' id='word_1_298' title='bbox 437 3540 590 3603; x_wconf 77' lang='lat' dir='ltr'>inductum.</span> 
     </span>
    </p>
   </div>
   <div class='ocr_carea' id='block_1_4' title="bbox 0 0 1321 4017">
    <p class='ocr_par' dir='ltr' id='par_1_17' title="bbox 0 0 1321 4017">
     <span class='ocr_line' id='line_1_39' title="bbox 0 0 1321 4017; baseline 0 0"><span class='ocrx_word' id='word_1_299' title='bbox 0 0 1321 4017; x_wconf 95' lang='lat' dir='ltr'> </span> 
     </span>
    </p>
   </div>
  </div>
 </body>
</html>
