2609 4017
593 202 814 265 „14-

199 373 232 426 ut
258 373 288 426 et
306 382 411 443 aegros
430 382 499 425 suos
518 364 570 424 diu
588 365 620 423 in
639 363 740 424 reditu
759 363 904 425 haberent
922 372 953 425 et
971 366 1118 425 saeviores
1137 367 1217 443 ipsis

197 453 311 514 morbis
330 456 500 514 existerent.
529 451 719 532 Quapropter
737 455 940 514 necessarium
959 453 1032 514 mihi
1044 455 1141 514 visum
1156 462 1217 534 est,

198 543 331 621 undique
354 542 529 603 valetudinis
553 540 662 601 auxilia
685 542 862 602 contrahere
885 549 916 603 et
933 541 1027 603 veluti
1044 544 1076 602 in
1097 541 1216 602 brevia·

198 634 276 692 rium
296 630 445 711 colligere,
463 638 498 691 ut
516 648 705 709 quocumque
725 632 873 691 venissem
887 626 1050 711 (possem)
1064 631 1216 692 eiusmodi

147 740 149 743 ·
198 719 321 780 insidias
348 722 441 780 vitare
469 727 500 780 et
530 719 585 779 hac
617 719 727 780 fiducia
758 722 893 781 securior
925 722 983 781 iter
1014 720 1144 800 ingredi,
1179 728 1214 780 ut
1243 738 1257 778 s

198 810 299 889 sciam,
318 810 344 868 si
358 810 425 888 quis
440 808 513 868 mihi
531 808 657 887 languor
678 809 829 889 acciderit,
850 827 910 869 non
929 809 1060 869 facturos
1078 809 1215 869 medicos

198 916 234 958 ex
258 915 305 957 me
327 897 374 957 vel
397 899 471 957 meis
494 896 624 958 reditum
642 915 698 958 neo
716 905 870 958 taxaturos
888 897 1145 959 incommodorum
1164 915 1214 957 oc-

162 984 367 1047 torsionibus
391 988 542 1046 sanitates.
576 986 652 1046 Ante
676 988 775 1047 omnia
797 995 897 1047 autem
920 994 992 1067 puto
1015 988 1047 1046 in
1071 994 1214 1066 promptu

197 1075 341 1155 habenda,
356 1093 431 1154 quae
446 1073 545 1135 subito
560 1075 728 1136 desiderata
742 1074 915 1136 difficilhma
930 1075 1069 1135 ridentur
1078 1077 1214 1156 inventu,

198 1166 276 1225 sicut
300 1164 398 1225 oleum
421 1172 515 1225 vetus.
547 1163 633 1234 Quod
652 1166 679 1223 si
697 1164 733 1224 ad
752 1182 872 1225 manum
892 1183 952 1225 non
971 1166 1037 1250 erit,
1055 1163 1213 1224 celerrime
1229 1182 1255 1221 ro

197 1254 262 1313 lieri
292 1255 411 1331 poterit.
462 1252 699 1313 Deferrelaotum
728 1255 807 1313 enim
836 1253 882 1313 rel
910 1254 1151 1314 recentissimum
1182 1261 1214 1313 et

198 1342 320 1403 odorem
344 1349 374 1401 et
397 1343 476 1401 vires
499 1343 696 1401 vetustissimi
713 1349 853 1422 praestat.
893 1341 932 1403 Et
955 1344 980 1402 si
999 1342 1075 1402 sorte
1094 1343 1213 1402 curatio

197 1432 330 1509 exegerit
358 1448 463 1510 aquam
491 1432 635 1490 marinam
664 1432 694 1490 in
718 1430 936 1491 mediterraneo
961 1432 1077 1510 quaeri,
1102 1429 1213 1490 sollici-

81 1524 88 1537 ·
196 1519 295 1580 tudini
317 1518 401 1579 locus
424 1536 484 1579 non
508 1520 578 1598 erit,
602 1520 629 1579 si
650 1520 692 1579 ita
714 1521 927 1598 prospiciatur:
955 1519 1014 1579 duo
1038 1520 1118 1579 enim
1141 1517 1213 1578 salis

197 1610 319 1668 sextarii
341 1610 372 1667 in
391 1615 533 1687 quattuor
552 1625 645 1687 aquae
665 1610 809 1669 sextarios
828 1610 911 1669 missi
931 1608 1212 1686 temperatissimam
1226 1624 1253 1664 rs

196 1699 304 1757 marini
331 1695 456 1776 liquoris
484 1698 600 1775 copiam
628 1697 745 1757 facient.
788 1696 922 1777 Oxymeli
950 1714 1020 1758 vero
1043 1695 1128 1757 facile
1152 1697 1213 1756 erit

196 1786 270 1865 lieri,
295 1788 320 1845 si
343 1785 460 1845 duobus
484 1785 596 1864 cyathis
616 1785 712 1846 mellis
732 1788 879 1846 sextarius
898 1787 975 1846 aceti
993 1784 1092 1845 addito
1111 1784 1212 1863 puleio

197 1882 227 1934 et
250 1872 319 1933 salis
343 1873 459 1933 modico
484 1881 735 1951 contemperetur.
772 1874 895 1934 Polenta
918 1882 1017 1934 autem
1041 1873 1098 1933 hoc
1122 1873 1211 1933 modo

196 1962 259 2022 liet:
291 1959 444 2021 Hordeum
468 1979 543 2040 aqua
566 1961 722 2040 perfusum
745 1981 803 2023 una
827 1972 914 2024 nocte
938 1965 1076 2043 siccatur,
1101 1962 1211 2022 deinde

196 2050 232 2110 ad
261 2048 315 2108 XX
343 2049 434 2109 libras
462 2049 567 2109 hordei
595 2050 766 2110 adiciuntur
794 2059 855 2111 tres
883 2051 975 2112 librae
1001 2051 1054 2111 lini
1078 2052 1211 2131 seminis,
1226 2068 1252 2106 so
1292 2043 1293 2086 l

197 2138 346 2199 coriandri
365 2137 482 2216 selibra,
502 2138 570 2199 salis
589 2138 782 2220 acitabulum3
806 2149 878 2201 tunc
901 2139 1007 2201 deinde
1026 2140 1099 2201 haec
1118 2141 1212 2200 mixta

161 2233 176 2281 3
197 2235 351 2288 torrentur
378 2234 408 2287 et
431 2226 508 2287 mola
531 2227 717 2306 franguntur.
759 2228 905 2290 Omnibus
928 2237 1027 2290 autem
1050 2230 1212 2290 curationi·
1248 2236 1255 2255 ’

196 2315 253 2375 bus
282 2315 340 2375 mel
367 2318 512 2393 optimum
541 2323 600 2398 est,
629 2318 661 2376 in
690 2335 748 2397 quo
778 2336 848 2396 apes
875 2319 1061 2399 moriuntur,
1091 2326 1121 2378 et
1144 2316 1212 2377 lana

197 2404 299 2465 sucida
328 2422 361 2464 ea
391 2404 467 2464 bona
496 2413 555 2485 est,
588 2423 663 2483 quae
692 2406 728 2465 de
757 2410 819 2466 ovis
852 2407 927 2467 collo
955 2406 1046 2467 luerit
1078 2406 1211 2467 adtonsa.

196 2492 333 2554 Cinerem
363 2495 461 2555 avium
494 2492 540 2553 vel
572 2493 697 2554 aliorum
730 2494 900 2556 animalium
932 2495 1133 2555 desideratum
1166 2497 1210 2555 sio
1224 2510 1251 2550 2⁵
1292 2537 1293 2572 ,

122 2617 127 2624 -
196 2583 262 2643 lieri
285 2590 416 2662 oportet:
448 2581 482 2642 ln
506 2581 592 2643 ollam
618 2601 722 2643 novam
745 2585 874 2644 mittitur
897 2586 958 2644 avis
981 2592 1033 2645 aut
1056 2582 1211 2663 quodlibet
1292 2577 1293 2618 ³

196 2671 274 2732 ahud
294 2672 410 2754 animal,
431 2671 509 2751 quod
529 2674 680 2751 putaveris
695 2672 894 2752 exurendum,
914 2672 992 2751 quod
1008 2672 1108 2734 addito
1122 2690 1208 2752 oper·

196 2760 263 2821 culo
298 2760 526 2839 circumlitoque
555 2760 658 2839 argilla
690 2762 721 2820 iu
756 2760 844 2821 furno
881 2762 1008 2822 ferventi
1045 2761 1210 2822 torrebitur

196 2850 377 2927 spiramento
406 2847 577 2928 permodico
605 2848 692 2908 facto.
734 2848 987 2926 Gargarizationes
1010 2868 1080 2910 vero
1104 2868 1209 2910 omnes

196 2936 307 2997 calidae
331 2936 458 2996 utendae
482 2946 565 3015 sunt,
589 2938 668 2997 sicut
691 2943 721 2996 et
744 2936 887 3018 fomenta,
915 2946 948 2999 ut
970 2938 1108 3000 medendi
1132 2941 1208 3000 ratio
1223 2954 1249 2994 so

196 3032 226 3085 et
249 3042 322 3086 usus
346 3025 484 3086 ostendit.

268 3140 769 3199 traletudinis1mvalitudinis2m.
816 3150 954 3213 tpossem
968 3160 1018 3200 om.
1065 3144 1209 3199 bhaclm

196 3213 337 3269 henetae.
377 3214 515 3269 fiduciam.
556 3220 587 3268 11
599 3212 1208 3271 defervefactumrmdeferverefactumam.

198 3290 230 3337 12
245 3289 310 3353 post
328 3283 401 3338 vires
421 3287 484 3341 odd.
506 3287 535 3341 et
552 3288 592 3340 ut.
650 3292 682 3341 16
698 3286 840 3354 oxymelli.
897 3292 928 3341 19
944 3287 1066 3341 ordeum.
1121 3292 1157 3341 20
1171 3286 1208 3340 ad
1292 3285 1294 3290 '

196 3371 246 3411 om.
302 3361 335 3409 21
355 3356 527 3411 acitabnlum
542 3363 557 3411 1
564 3375 589 3411 m
609 3356 789 3412 acetabulum
801 3362 859 3415 tm.
924 3363 957 3412 22
972 3358 1054 3413 mole.
1109 3362 1144 3411 24
1159 3356 1209 3410 ad·
1292 3411 1293 3414 ,

196 3428 286 3480 tunsa.
380 3433 414 3482 27
434 3429 521 3499 quod]
541 3444 629 3497 usque
648 3445 736 3498 supra
754 3431 862 3484 lineam.
957 3428 1089 3498 operculo
1109 3430 1208 3483 litteris

197 3514 229 3552 oo
248 3513 335 3566 otopra
352 3514 457 3553 casum
476 3500 587 3555 additio.
689 3506 722 3554 31
743 3499 867 3569 Explicit
887 3517 929 3569 ep.
949 3500 1020 3569 plini
1038 3498 1154 3554 secundi
1173 3500 1207 3554 de

196 3566 343 3623 medicina.
380 3568 483 3639 Incipit
502 3569 559 3625 olio
578 3587 620 3639 ep.
