2609 4017
571 144 809 209 -236—

133 326 167 374 23
276 310 405 372 Coruum
429 310 514 371 bovis
537 308 696 369 combures
719 326 755 369 ex
779 326 812 368 ea
835 317 932 387 parte,
956 325 1014 385 qua
1038 309 1133 387 capiti
1154 308 1203 369 ad-

186 400 302 481 haeret,
331 409 361 461 et
389 402 420 459 in
448 398 600 477 pulverem
629 398 837 459 tenuissimum
864 397 966 475 redige
990 406 1081 476 atque
1106 416 1144 457 ex
1168 416 1204 457 eo
1292 413 1293 420 ¹

186 490 308 568 pulvere
331 488 476 549 coclearia
499 488 558 548 duo
582 505 650 547 cum
674 504 767 564 aquae
791 485 902 546 calidae
921 485 1035 565 cyathis
1054 485 1157 547 tribus
1176 494 1206 546 et

186 578 306 657 paululo
330 580 407 638 aceti
429 578 529 637 ieiuno
554 575 710 654 splenitico
736 593 791 653 per
813 575 947 636 triduum
970 575 1007 635 da
1029 574 1207 635 bibendum.
1292 605 1293 654 3

134 682 167 729 24
275 666 458 745 Cataplasma
478 665 513 725 ad
530 664 672 745 splenem,
691 664 770 742 quod
785 663 940 724 lanuarias
954 664 1090 725 medicus
1106 673 1232 725 osten-⁵

186 757 243 837 dit,
269 758 325 817 sic:
348 754 486 834 Pyrethri
511 786 549 797 -
570 752 620 835 ΙΙΙ,
642 751 824 832 myrobalani
850 786 888 796 —
908 752 958 834 lll,
983 756 1070 831 grani
1092 754 1207 833 sinapis
1290 759 1294 834 l

189 879 227 888 —
250 844 305 927 lll,
330 844 509 905 cardamomi
533 875 575 885 -
594 840 648 923 lll,
671 845 785 903 urticae
810 844 931 902 seminis
954 875 998 885 -
1017 841 1069 923 lll,
1091 844 1207 921 piperis
1292 839 1293 842 ’

190 968 227 979 -
249 934 297 995 111.
339 933 419 994 llaec
447 935 545 993 omnia
573 939 653 992 teres
677 939 708 992 et
731 930 876 991 cribrabis
899 931 1059 1010 diligenter
1083 939 1115 991 et
1139 948 1207 991 com

188 1032 272 1086 aceto
297 1022 432 1083 scillitico
456 1019 661 1101 permiscebis,
685 1028 719 1081 ut
741 1038 834 1081 unum
857 1038 966 1098 corpus
990 1020 1092 1101 facias,
1117 1026 1206 1099 atque
1292 1033 1293 1086 ξ

189 1113 258 1173 inde
287 1112 464 1190 cataplasma
492 1113 524 1170 in
551 1128 649 1189 panno
678 1109 771 1170 denso
800 1128 890 1188 supra
912 1108 1046 1188 splenem
1070 1110 1206 1189 inpones,
1219 1120 1242 1159 1⁰
1292 1181 1293 1184 Ἴ

192 1202 243 1262 sed
266 1203 351 1280 prius
375 1200 474 1260 locum
492 1202 600 1278 ipsum,
624 1199 674 1258 cui
694 1199 880 1259 medicamen
898 1199 1086 1277 inposituros
1105 1216 1149 1279 es,
1171 1216 1207 1257 ex
1292 1205 1293 1222 l

190 1293 269 1350 uitro
298 1306 373 1367 aqua
401 1290 527 1347 remisso
556 1286 680 1367 lavabis,
710 1290 752 1347 ita
781 1295 815 1347 ut
844 1305 947 1365 spuma
975 1286 1021 1347 vel
1054 1286 1205 1366 pinguedo

190 1379 262 1439 nitri
285 1376 344 1437 illic
369 1376 534 1437 adhaereat.

137 1478 169 1527 25
280 1465 462 1544 Cataplasma
491 1465 527 1525 ad
556 1464 689 1543 splenem
718 1465 754 1524 de
782 1467 985 1543 experimento
1017 1466 1076 1525 sic:
1109 1464 1204 1526 Alium

189 1554 331 1634 purgabis
354 1562 385 1615 et
407 1561 475 1614 aute
499 1554 578 1614 diem
601 1555 633 1613 in
652 1561 769 1614 acetum
789 1555 967 1613 acerrimum
984 1553 1130 1613 infundes
1149 1572 1205 1614 ma·
1217 1564 1240 1603 ¹⁵

190 1652 271 1725 ture3
301 1661 369 1703 cum
398 1644 552 1721 positurus
579 1644 652 1722 eris,
682 1649 762 1703 teres
791 1660 859 1703 cum
887 1645 951 1721 ipso
975 1649 1074 1723 aceto,
1099 1642 1150 1703 vel
1172 1642 1206 1703 de

190 1741 273 1793 aceto
295 1731 453 1812 sublatum,
472 1733 512 1791 ita
532 1737 566 1790 ut
585 1732 716 1809 spissum
735 1733 783 1811 sit,
803 1733 882 1792 sicut
897 1730 1075 1810 cataplasma
1090 1739 1122 1791 et
1135 1734 1207 1811 tepi-

98 1847 101 1852 <
191 1821 261 1882 dum
286 1838 376 1899 supra
401 1820 534 1898 splenem
557 1818 689 1897 adpones
713 1827 743 1879 et
766 1819 855 1880 fascia
879 1818 1042 1897 conligabis
1061 1828 1093 1879 et
1112 1823 1206 1881 uteris

190 1927 286 1987 usque
306 1910 341 1968 ad
360 1909 449 1968 horas
468 1908 598 1988 prandii,
617 1907 675 1968 hoc
694 1910 721 1967 si
739 1907 840 1968 triduo
859 1910 1000 1968 continuo
1016 1926 1091 1969 usus
1105 1910 1206 1989 fueris,
1284 1915 1294 1964 t

189 1999 299 2055 mirum
323 1995 488 2056 remedium
511 1999 684 2077 experieris,
708 1996 760 2056 sed
783 1998 925 2076 patientia
944 2015 1019 2075 opus
1037 2006 1088 2058 est
1105 1999 1206 2058 adver·
1218 2009 1240 2048 π

190 2102 257 2145 sum
280 2085 340 2143 vim
363 2083 576 2164 medicaminis,
601 2084 680 2163 quod
704 2084 938 2167 plusproderit,
962 2088 988 2145 si
1009 2095 1116 2166 postea
1137 2087 1207 2148 bali-

139 2274 173 2322 26
281 2258 397 2320 herbae
422 2260 600 2341 cyclaminiS,
625 2279 701 2339 quae
724 2260 901 2322 orbicularis
925 2261 1100 2345 appellatur,
1125 2264 1209 2325 radix

193 2367 337 2427 suspensa
361 2348 445 2430 collo,
468 2351 567 2409 itaut
590 2359 693 2410 contra
717 2349 825 2410 lienem
849 2350 997 2412 dolentem
1021 2352 1060 2411 sit
1080 2351 1208 2435 alligata,

138 2450 172 2499 aa
193 2438 355 2499 efficaciter
373 2438 518 2499 medetur.
549 2437 636 2498 Porri
654 2440 797 2515 primitivi
815 2442 920 2500 sectivi
938 2457 1029 2500 sucus
1043 2458 1206 2519 expressus
1218 2453 1241 2493 m

192 2535 222 2589 et
256 2533 339 2589 aceto
367 2529 432 2606 pari
459 2544 600 2587 mensura
627 2528 771 2587 inmixtus
800 2527 1018 2608 absorptusque
1046 2547 1062 2588 a
1092 2529 1206 2591 lienoso

137 2628 171 2677 28
191 2619 308 2697 saepius
334 2616 466 2695 prodest.
512 2614 719 2693 chamaepitys
743 2634 810 2676 cum
835 2616 978 2696 oxymelle
1002 2625 1032 2677 et
1054 2616 1205 2679 absinthio

189 2705 312 2785 paribus
340 2706 489 2764 mensuris
518 2703 639 2763 decocta
669 2711 699 2763 ct
727 2707 813 2782 potui
844 2705 912 2765 data
941 2706 1055 2766 utiliter
1082 2706 1205 2768 lienosis

136 2806 170 2854 29
190 2794 331 2853 occurrit.
368 2786 472 2852 Herba¹
490 2791 637 2873 salutaris,
660 2792 690 2851 id
714 2800 761 2853 est
784 2795 870 2871 spina
892 2794 966 2874 alba,
990 2813 1047 2874 qua
1066 2794 1205 2857 Christus

190 2889 349 2941 coronatus
373 2887 432 2958 est,
461 2898 535 2957 quae
559 2880 641 2941 velut
664 2875 761 2941 uvam*
778 2882 881 2963 habet,
908 2884 1017 2943 lienem
1040 2882 1153 2945 leniter
1175 2888 1239 2945 ino

136 2982 170 3030 30
190 2968 294 3029 eodem
316 2968 382 3027 loco
405 2967 563 3045 perfricata
586 2968 710 3029 sanabit.
747 2968 826 3049 Equi
847 2971 948 3050 lingua
971 2972 1103 3032 arelacta
1121 2980 1152 3034 et
1170 2975 1204 3034 ad

189 3057 338 3117 levitatem
361 3057 431 3115 trita
450 3063 539 3135 atque
557 3075 594 3116 ex
613 3060 680 3117 vino
700 3060 784 3136 potui
802 3059 870 3120 data
888 3063 1025 3139 protinus
1044 3061 1202 3123 utilitatem
1285 3105 1294 3150 t

190 3165 274 3208 suam
298 3144 399 3205 sedato
422 3143 508 3204 lienis
532 3144 633 3205 dolore
657 3147 834 3208 manifestat.

137 3248 170 3296 31
280 3234 402 3295 Stercus
425 3232 571 3294 mulinum
595 3252 663 3294 cum
687 3236 831 3314 oxymelle
853 3236 975 3298 lienosis
999 3238 1085 3316 potui
1103 3240 1202 3300 datum

137 3336 170 3384 32
190 3324 308 3384 dolores
323 3323 483 3383 efficaciter
497 3321 582 3382 tollit.
605 3321 747 3383 Hircinus
762 3324 846 3402 splen
861 3326 983 3406 caliduS,
997 3326 1027 3386 id
1042 3335 1091 3387 cst
1104 3332 1201 3390 statim
1213 3338 1235 3380 ³⁵

53 3639 188 3977 ,

281 3515 314 3563 14
332 3509 430 3563 allium
450 3509 610 3564 (docharius.
