2609 4017
491 184 730 249 -aot-

98 346 198 424 debet,
222 346 301 406 idem
326 355 355 407 et
378 354 498 425 postero
523 346 570 406 die
595 346 660 407 lieri
683 345 846 427 oportebit3
870 350 958 408 tertia
976 348 1024 408 die
1045 367 1113 409 cum

99 435 260 496 fervefacta
283 435 395 495 luerint
418 437 525 517 omnia,
548 434 724 514 percolenda
748 445 837 496 erunt
860 443 890 496 et
908 437 1114 498 transferenda

97 527 128 585 in
166 523 326 584 caccabum
359 525 489 602 priorem
519 533 689 605 pertusum3
721 524 773 584 sed
802 532 870 584 aute
897 523 1056 602 diligenter
1083 534 1115 586 et

98 615 198 691 spisse
227 612 359 672 toramen
389 614 452 673 eius
481 612 680 673 obturandum
708 615 766 673 erit
792 621 881 692 atque
904 613 956 673 ubi
979 613 1113 692 congela-

70 704 178 762 overit
206 719 238 761 se
267 701 371 781 adeps,
401 700 614 762 extrahendum
638 701 847 762 obturaculum
870 704 928 762 erit
951 711 982 763 et
1004 704 1111 781 spissa·

96 797 236 850 mentum
255 789 475 871 removendum,
494 797 527 850 ut
541 793 642 850 vinum
657 807 744 850 omne
760 788 882 850 elfluere
896 793 998 868 possit.
1026 790 1112 861 Quod

97 896 169 939 cum
195 877 364 959 defluxerit,
388 878 478 957 adeps
500 878 547 938 vel
569 877 833 959 medicamentum,
856 878 934 958 quod
958 880 1115 959 resederit,

96 985 171 1027 vaso
191 975 312 1045 stagneo
330 985 391 1027 uno
410 967 455 1027 vel
474 966 610 1046 pluribus
629 967 787 1045 diligenter
805 970 918 1045 opertis
937 976 967 1028 et
981 967 1113 1048 adplum·

97 1055 179 1116 batis
203 1065 373 1134 reponetur.
704 1071 716 1098 Ι

57 1163 84 1203 1o
193 1143 303 1205 Harum
328 1146 588 1224 compositionum,
613 1146 719 1223 siqua
743 1144 816 1205 tides
840 1151 894 1224 est,
917 1152 947 1204 et
970 1147 1034 1223 ipse
1059 1163 1115 1224 ego

97 1231 187 1294 utilia
210 1233 340 1293 remedia
364 1251 481 1311 semper
500 1240 640 1312 expertus
661 1250 726 1293 sum
746 1240 776 1293 et
794 1231 866 1292 alios
885 1232 964 1292 idem
983 1235 1114 1294 sensisse

98 1321 262 1402 coufirmo;
281 1339 347 1381 nam
367 1329 397 1381 et
414 1320 485 1382 illud
506 1321 609 1401 adicio,
629 1339 816 1400 nequaquam
834 1321 904 1381 huic
923 1339 1015 1400 acopo
1035 1340 1114 1381 com·

99 1411 202 1489 parari
234 1427 321 1489 posse
354 1409 409 1470 alia
436 1410 643 1491 medicamina,
675 1428 751 1488 quae
783 1412 814 1469 in
841 1409 988 1470 similibus
1016 1413 1116 1471 causis

99 1498 238 1578 plerique
262 1500 424 1558 amicorum
448 1517 591 1578 meorum,
614 1496 723 1576 quibus
750 1515 843 1576 aeque
866 1517 900 1558 ac
924 1499 997 1558 mibi
1015 1499 1116 1577 credo,

60 1606 84 1646 15
100 1589 222 1665 egregia
246 1605 278 1647 se
302 1594 440 1665 expertos
464 1605 531 1649 cum
554 1586 746 1647 iureiurando
766 1585 1004 1646 adfirmaverunt.
1040 1586 1113 1646 lllud
1207 1632 1217 1652 a

101 1684 203 1736 autem
236 1677 405 1736 meminisse
437 1685 555 1754 oportet
583 1675 811 1734 medicaminum
838 1677 951 1752 peritos
980 1673 1025 1734 vel
1052 1684 1115 1736 stu-

102 1764 218 1845 drosos,
250 1781 470 1842 nonnumquam
495 1764 597 1824 eadem
622 1762 815 1823 medicamina
843 1765 875 1822 in
901 1762 1007 1822 iisdem
1034 1765 1116 1823 vitiis

102 1855 240 1930 corporis
267 1851 313 1912 uel
340 1851 487 1912 similibus
514 1851 736 1912 infirmitatibus
763 1850 913 1911 interdum
936 1851 1042 1911 melius
1066 1852 1115 1912 dc·

102 1943 235 2001 teriusve
264 1940 445 2020 respondere
472 1947 595 2019 propter
618 1957 778 2018 corporum
801 1939 1040 2018 inaequalitatem
1064 1948 1116 2000 aut

60 2047 87 2087 eo
103 2029 302 2089 differentiam
326 2037 455 2089 aetatum
479 2035 529 2089 aut
552 2030 802 2108 opportunitatem
822 2034 990 2105 temporum
1010 2028 1055 2088 vel
1075 2028 1114 2088 lo·

101 2135 217 2189 corum,
236 2118 287 2176 sed
309 2118 431 2177 adfirmo
451 2135 610 2195 prosperos
630 2126 762 2198 eventus,
782 2117 944 2194 siquando
963 2117 1115 2196 opusiue·

17 2200 20 2206 ’
102 2210 143 2266 rit
167 2205 310 2284 adbiberi,
334 2204 387 2266 bas
410 2207 641 2284 compositiones
665 2223 784 2284 semper
806 2204 968 2266 babituras.

195 2293 620 2372 chalasticum-Olympiorum
644 2296 824 2355 cerotarium
848 2296 964 2372 insigne
988 2294 1024 2354 ad
1048 2311 1171 2359 ner-10

102 2399 209 2443 vorum
233 2381 350 2442 dolores
374 2389 404 2442 et
427 2390 572 2462 mmmm,
600 2382 678 2460 quod
702 2383 781 2442 idem
804 2382 840 2441 ad
864 2382 1003 2460 rhagadia
1027 2381 1114 2442 etad

63 2489 89 2528 as
103 2469 240 2550 pustulas
264 2471 335 2530 utile
360 2480 417 2550 est,
448 2471 605 2530 conficitur
629 2473 685 2530 sic:
720 2469 808 2529 Turis
830 2502 876 2512 —
894 2469 933 2549 ΙΙ,
957 2469 1116 2530 masticbes

108 2593 145 2602 —
167 2559 203 2638 ll,
227 2576 349 2638 spumae
372 2561 487 2636 argenti
509 2591 547 2602 -
569 2557 603 2639 ll,
627 2575 766 2618 cerussae
789 2591 826 2601 -
848 2557 883 2636 ΙΙ,
907 2556 1117 2636 molybdaenae

107 2681 146 2691 -
167 2647 203 2727 ll,
227 2647 285 2707 olei
305 2649 383 2707 rosei
402 2647 432 2707 P.
452 2647 474 2728 l⁷
497 2664 582 2707 cerae
602 2646 684 2707 albae
705 2679 746 2689 -
766 2644 828 2725 llll,
848 2646 943 2724 adipis
961 2647 1117 2705 anserinae

107 2768 146 2779 —
168 2735 207 2817 ll,
232 2735 376 2796 medullae
400 2739 538 2796 cervinae
562 2767 604 2778 -
623 2735 663 2815 ll,
691 2752 796 2795 sucum
820 2735 1002 2794 lactucarum
1027 2751 1117 2812 quan·

105 2834 169 2884 tum
192 2824 333 2902 sulliciat,
361 2826 401 2884 ita
429 2832 464 2884 ut
491 2842 527 2883 ex
556 2841 646 2902 supra
670 2824 789 2901 scriptis
813 2841 889 2901 quae
912 2824 971 2883 teri
993 2840 1116 2883 necesse

64 2931 91 2969 so
106 2921 153 2973 est
184 2930 252 2972 cum
285 2930 356 2972 suco
389 2914 454 2990 ipso
486 2911 563 2972 bene
597 2919 732 2972 terantur
762 2920 792 2971 et
823 2919 926 2989 postea
959 2912 1118 2990 supermit-

105 3008 207 3061 tantur
234 3008 399 3079 unguenta,
432 2999 461 3060 id
496 3008 542 3060 est.
575 2999 687 3077 oleum,
720 3017 787 3059 cera
822 3007 852 3059 et
884 3000 974 3079 adeps
1002 3001 1117 3060 anseris

39 3157 50 3173 s
105 3096 136 3148 et
164 3088 291 3149 medulla
322 3091 454 3168 cervina,
483 3097 512 3148 et
540 3091 583 3148 sio
612 3088 780 3149 conlectum
806 3087 990 3148 medicamen
1013 3091 1044 3147 in
1067 3106 1117 3166 py-

104 3176 173 3237 xide
207 3187 327 3255 stagnea
360 3185 410 3237 aut
442 3179 473 3236 in
508 3176 625 3236 vasculo
658 3176 797 3254 plumbeo
830 3183 1005 3256 reponatur3
1038 3177 1117 3236 simi·

105 3265 174 3326 liter
196 3268 227 3325 in
251 3269 453 3326 contractione
477 3282 635 3325 nervorum
660 3283 729 3325 caro
752 3263 922 3343 palumbina
945 3272 1062 3343 sumpta
1085 3266 1117 3324 in

66 3354 173 3414 arcibo
197 3354 328 3432 prodest.

198 3547 231 3595 10
249 3541 320 3614 ipse]
340 3541 514 3598 Scribonium
533 3541 663 3611 mtcllipe,
681 3541 760 3596 colus
777 3541 843 3595 baec
859 3545 926 3594 suot
943 3541 1031 3595 cerba.
