2609 4017
480 181 719 246 -115-

85 344 148 403 Alii
166 341 300 404 tunicula
319 342 365 402 vel
383 344 602 421 operimentum
620 345 686 422 pari
704 343 791 404 modo
809 343 896 404 labiis
914 345 1103 423 profuturum
1123 359 1139 409 t

86 441 123 494 ut
146 433 303 493 baerescat
320 433 501 510 inprimitur.
533 430 642 492 Serum
660 431 744 493 boris
763 433 808 493 vel
827 433 913 495 vituli
931 452 1000 495 cum
1018 435 1104 513 adipe
1123 448 1140 497 8

86 523 230 583 anserino
254 523 417 599 inpositum
439 522 530 582 rimas
552 523 759 600 scissurasque
782 524 844 583 oris
867 525 978 602 optime
999 525 1103 602 iungit.

83 611 161 690 Fagi
183 610 255 670 solia
277 610 520 671 commanducata
543 618 671 690 prosunt
691 610 869 672 exulceratis
887 611 973 673 labiis
992 621 1023 673 et
1041 617 1139 690 gin-9

56 703 172 782 egiris,
191 701 219 760 si
237 717 306 760 cum
324 717 429 760 umore
448 698 555 760 salivae
569 701 758 778 inponantur.
788 700 957 780 serpullum
972 700 1104 781 herbam,
1124 712 1157 762 10

84 808 176 868 quam
197 787 273 849 Galli
296 787 421 867 gilarum
444 788 557 868 dicunt,
580 790 699 850 ieiunus
723 789 774 850 diu
798 790 1032 870 commanducet,
1055 793 1104 852 cui

85 898 120 938 os
144 877 259 958 solebit,
282 885 312 938 et
333 877 459 956 gluttiat.
496 876 632 938 llurinus
654 879 739 956 cinis,
763 878 794 939 id
816 887 863 939 est
885 878 982 957 pulvis
1005 882 1104 940 exusti
1124 891 1156 939 11

84 969 198 1046 muris,
225 985 295 1027 cum
322 965 409 1027 melle
436 966 577 1028 dentibus
608 967 747 1027 infrictus
779 966 903 1029 halitum
931 967 1015 1028 fetidi
1042 971 1104 1029 oris

84 1055 235 1117 emendat
280 1054 362 1115 Folia
389 1057 479 1135 myrti
505 1064 537 1116 ct
562 1055 681 1116 lentisci
708 1057 774 1134 pari
801 1057 933 1135 pondere
959 1065 989 1118 et
1011 1057 1103 1136 gallae
1125 1067 1157 1115 12

43 1160 70 1200 ro
84 1145 228 1225 Syriacae
252 1143 407 1205 dimidium
429 1143 548 1224 pondus
570 1162 630 1205 una
653 1147 711 1205 teri
728 1152 848 1224 oportet
866 1153 897 1206 et
915 1163 1016 1224 sparsa
1034 1148 1104 1206 vino

84 1251 175 1295 mane
195 1253 212 1294 a
230 1235 331 1294 ieiuno
352 1234 594 1294 commanducari
616 1233 661 1293 rel
685 1236 731 1294 ori
754 1234 846 1296 fetido
868 1236 980 1313 inponi.
1019 1233 1103 1313 Capi·
1125 1244 1157 1294 18

84 1325 126 1385 tis
154 1324 284 1402 leporini
311 1319 413 1382 exusti
436 1323 513 1383 cinis
541 1340 610 1383 cum
632 1323 725 1383 nardo
749 1323 797 1384 vel
819 1341 887 1384 cum
910 1323 998 1384 melle
1022 1325 1104 1402 inpo-

85 1415 165 1474 situs
199 1411 273 1472 lenit
303 1410 501 1491 graveolentia
533 1413 595 1471 oris
628 1411 736 1473 ulcera.
786 1414 916 1474 Aconum
947 1412 1104 1474 Ponticum
1125 1421 1158 1469 14

84 1505 210 1562 ieiunus
233 1502 296 1562 vice
318 1501 451 1561 masticis
473 1499 605 1579 mandat,
633 1503 685 1580 qui
711 1501 863 1562 emendari
890 1501 1019 1562 voluerit
1043 1503 1105 1562 oris

45 1605 71 1645 as
84 1591 223 1652 semrem.
269 1589 379 1651 Contra
412 1591 474 1649 oris
506 1589 632 1649 fetorem
664 1591 820 1668 origanum
853 1599 884 1650 et
916 1589 1007 1650 salem
1039 1591 1157 1667 pari15

84 1698 231 1741 mensura
253 1687 391 1740 conteres
414 1685 445 1738 et
462 1678 532 1738 inde
550 1696 637 1738 mane
660 1695 694 1739 ac
717 1695 842 1756 vespera
865 1679 998 1757 gingivas
1020 1678 1106 1737 frica-

85 1770 149 1846 bis3
181 1777 214 1829 ut
241 1787 312 1828 vero
339 1785 373 1827 os
400 1775 486 1828 tuum
509 1784 627 1845 semper
649 1766 726 1827 bene
750 1766 836 1846 oleat,
859 1784 1003 1846 cyperum
1026 1784 1104 1826 com·

87 1857 236 1918 manduca
262 1856 309 1918 vel
335 1858 415 1916 intra
443 1874 477 1916 os
502 1863 580 1918 tenc.
626 1854 797 1916 Oscidinem
820 1855 912 1916 berba
935 1854 1105 1916 Britannica
1126 1863 1158 1912 16

87 1945 195 2007 viridis
218 1955 335 2024 sumpta
358 1947 390 2005 in
413 1943 480 2006 cibo
503 1944 635 2005 lactucae
659 1945 746 2006 modo
775 1952 872 2022 sanat3
899 1946 988 2006 tritae
1015 1946 1104 2005 etiam

47 2052 73 2090 oo
87 2044 181 2114 atque
209 2053 367 2114 expressae
395 2052 487 2095 sucus
516 2036 543 2094 si
571 2051 622 2094 ore
646 2035 847 2112 contincatur,
875 2035 951 2094 mire
974 2034 1106 2113 prodest.

88 2124 177 2194 Quod
205 2127 232 2184 si
257 2123 384 2184 viridem
411 2141 471 2184 non
497 2121 652 2202 habueris,
685 2123 796 2183 aridam
824 2123 948 2184 infunde
976 2124 1043 2183 rino
1077 2130 1107 2183 et

88 2212 199 2274 deiude
222 2231 306 2273 sume
330 2230 395 2273 cam
418 2220 449 2272 et
466 2214 599 2291 exprime
617 2211 761 2291 illumque
781 2231 886 2273 sucum
905 2214 984 2272 intra
1005 2230 1039 2271 os
1057 2211 1106 2272 ad-

89 2302 178 2362 sidue
196 2310 265 2362 tene
283 2309 335 2362 aut
353 2302 442 2361 ctiam
461 2300 614 2382 gergehes,
632 2303 708 2361 mire
727 2301 857 2379 prodest.
890 2301 977 2362 Cicer
995 2300 1106 2361 colum·
1127 2307 1159 2357 m

89 2391 196 2452 binum
223 2400 405 2451 maceratum
433 2391 597 2471 tritumque
627 2398 658 2450 et
684 2392 811 2469 gingivis
834 2381 951 2450 inlitum
975 2389 1106 2468 prodest.

49 2495 76 2535 25
89 2479 197 2540 Ulcera
220 2481 405 2558 gingivarum
428 2478 669 2558 tossillarumque
695 2478 892 2539 carbunculos
913 2477 968 2538 hac
991 2480 1107 2538 ratione
1128 2484 1160 2534 18

90 2567 226 2630 curabis:
250 2568 388 2628 Polentae
411 2576 511 2645 partes
534 2567 609 2628 duas
631 2577 662 2628 et
685 2568 755 2627 salis
778 2574 893 2644 partem
918 2583 1008 2627 unam
1031 2565 1107 2626 bene

90 2667 248 2719 contusam
266 2659 456 2736 conspargito
475 2674 511 2716 ex
529 2657 635 2736 mulso,
654 2655 761 2716 deinde
780 2673 816 2715 ex
835 2655 882 2714 bis
895 2669 988 2732 panes
1002 2661 1108 2714 tenues

91 2748 182 2807 facito
210 2763 323 2825 eosque
349 2745 438 2806 furno
466 2753 518 2806 aut
545 2743 662 2806 clibano
689 2745 812 2823 pistoris
835 2744 956 2821 coquito
986 2750 1108 2802 etcum

91 2854 169 2914 opus
193 2834 293 2913 fuerit,
316 2832 393 2894 bene
415 2836 562 2894 contritos
585 2852 621 2894 ex
644 2851 720 2912 aqua
744 2833 870 2911 gingivis
889 2831 1015 2912 inlinito,
1039 2849 1107 2892 con-

50 2938 79 2978 to
93 2928 178 2985 tinuo
201 2923 396 2984 sanabuntur.
423 2922 547 2983 Arboris
566 2925 657 3001 pruni
675 2921 744 2982 lolia
763 2940 831 2982 cnm
851 2923 918 2982 vino
938 2920 1108 3000 decoquun-
1128 2928 1160 2977 19

93 3025 156 3094 tur,
184 3031 289 3074 eorum
316 3030 408 3072 sucus
435 3029 595 3090 expressus
623 3013 702 3072 intra
730 3029 763 3071 os
787 3018 922 3072 retentus
944 3010 1107 3089 plurimum

93 3102 226 3181 prodest
271 3100 435 3161 Galbanum
463 3100 548 3161 melle
576 3099 741 3160 delibutum
769 3099 868 3160 ulcera
891 3101 922 3160 in
946 3118 1008 3181 ore,
1033 3106 1161 3178 quaem

93 3191 201 3252 Graeci
224 3190 349 3269 apbtbas
370 3198 490 3270 vocant,
513 3187 632 3249 inlitum
656 3197 747 3249 sanat.
791 3188 891 3250 Pulvis
915 3189 1108 3249 tenuissimus
1128 3195 1161 3243 21

94 3282 172 3341 costi
190 3278 352 3361 ulceribus,
376 3280 500 3357 quaein
519 3296 571 3338 ore
590 3285 688 3359 erunt,
706 3277 859 3356 adpositus
883 3279 956 3337 mire
977 3275 1109 3354 prodest.

167 3486 247 3558 tut]
267 3487 325 3541 sut.
384 3485 526 3541 sfaetidi.
587 3484 737 3540 lt-fedito.
792 3487 826 3537 15
845 3480 944 3537 soture.
998 3485 1033 3535 25
1051 3482 1110 3536 tos-

95 3557 293 3625 seilarumqne.
343 3562 378 3611 32
396 3556 556 3612 dilibntnm.
646 3561 681 3610 33
700 3554 797 3624 aphes.
859 3558 894 3607 34
912 3552 1038 3622 prodest]
1058 3552 1109 3607 est.

913 3640 950 3695 8*
