2609 4017
569 138 724 202 -200
773 173 810 182 —

182 304 273 363 minis
301 303 364 362 triti
388 293 488 387 ῼιΙΙΙ
516 307 546 360 et
568 299 701 362 lactucae
725 301 807 362 albae
831 302 952 361 seminis
975 303 1040 362 triti
1062 301 1203 364 cocleare

126 403 163 454 46
182 410 290 473 unum;
312 391 384 451 haec
408 408 484 469 aqua
506 392 654 469 permixta
671 391 791 481 ieiunus
810 391 944 470 accipiat,
961 390 1095 469 prodest.
1135 390 1202 452 Sto·

181 479 320 541 maehum
344 478 523 540 conroborat
545 478 639 539 herba
662 478 798 540 ahsenthi
821 478 943 540 decocta
967 497 1036 540 cum
1054 481 1123 541 vino
1151 499 1201 540 au·

183 578 264 630 stero
288 577 377 647 atque
401 571 442 628 ita
465 566 592 628 subinde
616 577 695 647 pota,
720 570 746 628 si
773 567 872 628 febres
899 586 959 628 non
987 577 1091 650 erunt3
1118 569 1202 648 quod

182 660 209 718 si
241 656 417 736 inquietudo
454 657 561 737 fuerit,
598 675 668 718 cum
704 676 779 737 aqua
814 659 902 736 coqui
934 666 964 717 et
996 657 1061 718 dari
1094 657 1199 719 debet:
1228 673 1242 713 s

181 748 292 808 mirum
315 756 370 807 est.

126 847 161 896 47
270 835 315 894 Ad
334 834 460 896 olitanos
484 834 630 896 stomachi
653 835 771 896 dolores
797 834 941 913 malagma
965 836 1008 894 sic
1032 836 1200 914 conponcs:

182 922 274 984 Faeni
297 926 397 1002 graeci
417 923 564 1004 cyathum,
587 925 640 984 lini
663 926 784 985 seminis
803 923 950 1004 cyathum,
972 923 1060 984 ibisci
1079 927 1201 1003 purgati

181 1012 213 1074 P.
237 1011 264 1094 1,
293 1031 385 1092 aquae
414 1010 445 1073 »St
469 1012 561 1092 Vllll,
589 1012 647 1073 olei
675 1010 706 1073 §a
730 1011 796 1094 llll,
826 1030 947 1090 spumae
976 1017 1092 1092 argenti
1118 1013 1153 1074 P.
1178 1013 1200 1092 l,

183 1120 322 1163 cerussae
341 1101 373 1163 P.
392 1101 414 1182 I,
438 1120 523 1162 cerae
546 1102 579 1163 P.
598 1100 611 1161 1
631 1102 660 1163 S.
697 1101 776 1162 Haec
796 1103 893 1162 omnia
911 1104 942 1162 in
961 1120 1056 1162 unum
1075 1120 1201 1163 concor·
1216 1119 1242 1158 ro

181 1190 304 1270 porabis
328 1199 358 1252 et
376 1191 525 1270 decoques
544 1199 575 1252 et
594 1210 662 1252 cum
681 1190 824 1268 malagma
843 1191 959 1271 loceris,
982 1193 1014 1250 in
1037 1209 1136 1270 panno
1157 1195 1201 1252 in·

184 1280 276 1340 duces
300 1289 330 1340 et
354 1279 506 1340 stomacho
527 1280 659 1358 adpones
678 1289 709 1341 et
727 1282 807 1342 circa
825 1283 939 1340 viscera
959 1287 1018 1340 tam
1040 1281 1092 1340 din
1109 1279 1202 1341 habe·

182 1368 229 1429 his
253 1375 284 1429 et
306 1376 366 1429 tam
390 1369 512 1429 adsidue
536 1368 675 1450 adpones,
699 1369 794 1430 donec
817 1367 901 1430 dolor
925 1369 1073 1429 abscedat.

129 1469 165 1518 48
273 1457 318 1518 td
332 1458 519 1519 stomachum
533 1458 733 1519 fastidientem
748 1477 847 1518 escam
860 1465 890 1517 et
898 1465 1102 1518 revomentem
1111 1477 1202 1519 rosae

183 1546 349 1628 dimidium,
368 1546 446 1626 qnod
467 1565 569 1608 semen
583 1555 692 1629 portat,
711 1547 741 1606 id
756 1554 802 1607 est
816 1549 913 1626 ipsum
929 1545 1033 1607 florem
1049 1566 1201 1628 croceum,
1218 1562 1243 1602 1⁵

183 1636 349 1697 contundes
373 1645 403 1696 et
426 1636 564 1697 aluminis
584 1638 679 1717 scissi,
704 1637 813 1716 cyperi,
837 1634 970 1716 bidellae,
994 1636 1133 1697 ahsenthi
1152 1656 1201 1698 su·

183 1743 261 1805 cum,
283 1724 416 1805 meliloti,
435 1743 520 1785 rosae
540 1727 645 1806 siccae,
670 1725 794 1804 acaciae,
817 1726 870 1784 iris
889 1722 1032 1805 Illyricae,
1056 1725 1114 1786 olei
1133 1745 1200 1788 nar·

184 1814 259 1893 diui,
287 1831 386 1893 cerae,
414 1812 608 1891 opobalsami,
636 1831 723 1892 pares
750 1830 907 1874 mensuras
936 1813 1042 1874 barum
1067 1817 1200 1876 omnium

184 1904 352 1981 specierum
371 1910 509 1961 conteres
527 1903 559 1961 in
576 1903 719 1962 mortario
734 1919 902 1962 marmoreo
917 1920 950 1962 ao
966 1903 1119 1964 stomacho
1139 1907 1201 1982 epi-

183 1990 360 2051 thematium
378 1990 538 2050 mirificum
559 2008 744 2070 superpones
763 1991 799 2050 ad
819 1992 928 2071 ignem,
952 1998 986 2050 ut
1009 1999 1056 2053 est
1073 2010 1199 2053 consue·
1215 2008 1242 2046 2⁰

129 2090 163 2138 49
183 2078 265 2158 tudo,
289 2079 495 2155 compositum.
532 2077 765 2157 Epithematium
790 2081 934 2157 optimum
956 2079 992 2140 ad
1012 2081 1200 2142 stomachum

183 2165 395 2244 reparandum:
423 2165 554 2228 Masticis
580 2201 618 2210 -
640 2167 691 2250 Vl,
714 2167 793 2228 aloes
819 2167 932 2248 -111,
957 2172 1082 2229 storacis
1103 2203 1145 2212 —
1165 2169 1201 2250 ll,

183 2273 270 2315 cerae
292 2253 324 2316 P.
343 2254 365 2334 l,
389 2254 475 2315 nardi
494 2289 536 2299 -
555 2254 601 2316 Vl.
634 2256 714 2317 Haeo
737 2261 850 2335 pariter
873 2257 1013 2318 miscebis
1036 2267 1067 2319 ot
1086 2259 1201 2338 epithe-

183 2346 307 2404 matium
331 2343 440 2405 subtile
464 2345 563 2421 iacies
588 2346 668 2424 quod
692 2345 793 2406 multis
811 2345 903 2427 horis,
927 2355 1009 2407 certe
1027 2347 1126 2408 hieme
1146 2366 1202 2426 per

183 2440 281 2494 totum
304 2433 391 2514 diem,
415 2436 459 2494 uti
481 2436 603 2514 poteris
1217 2450 1243 2491 25

130 2533 165 2583 50
273 2522 318 2583 ld
338 2522 470 2584 dolorem
490 2522 635 2585 stomachi
653 2524 819 2584 vettonicae
843 2523 951 2584 radicis
973 2524 1149 2586 fasciculum
1169 2528 1201 2586 in

184 2612 239 2672 olla
264 2613 414 2692 decoques
437 2631 473 2673 ex
496 2630 572 2692 aqua
595 2611 780 2690 eandemque
808 2612 895 2673 ollam
921 2613 977 2674 sub
1001 2614 1069 2674 divo
1092 2613 1202 2674 habeto

184 2710 331 2782 opertam3
351 2720 420 2762 cum
439 2701 608 2762 stomachus
628 2700 730 2762 dolore
750 2701 912 2782 vexabitur,
931 2721 1027 2781 usqne
1044 2703 1080 2762 ad
1096 2705 1203 2763 tertias

184 2789 309 2849 eandem
331 2808 437 2868 aquam
461 2808 594 2869 excoque
618 2798 649 2851 et
672 2791 741 2850 inde
765 2790 903 2869 cyathum
924 2805 1016 2851 tinum
1035 2790 1202 2851 bibendum

131 2890 165 2939 51
184 2879 304 2937 ieiunus
323 2876 358 2937 ad
377 2877 456 2938 diem
474 2897 568 2939 sume.
599 2878 731 2939 Urticam
749 2896 851 2939 semen
865 2878 1022 2940 habentem
1037 2881 1069 2939 in
1083 2897 1202 2940 summo
1217 2898 1244 2937 so

185 2965 270 3026 deme
294 2984 328 3026 ac
353 2965 510 3044 diligenter
532 2967 595 3027 lava
618 2976 649 3028 et
673 2986 708 3027 ex
733 2985 766 3027 ea
790 2966 985 3028 sorbitionem
1010 2968 1098 3028 facito
1123 2968 1201 3028 bene

185 3054 334 3116 conditam
359 3057 422 3115 sine
445 3056 559 3137 pipere,
582 3058 757 3116 suavissime
781 3059 937 3135 accipieris
957 3057 994 3116 ad
1013 3056 1203 3118 stomachum

130 3156 165 3205 52
185 3142 388 3205 reficiendum.
433 3142 579 3204 Lactucae
605 3146 708 3223 nigrae
737 3162 851 3225 semen,
882 3145 961 3224 quod
988 3147 1087 3225 ipsum
1117 3146 1203 3206 valde

185 3235 302 3313 nigrum
327 3239 381 3313 est,
404 3233 435 3292 in
454 3234 512 3312 pila
530 3231 627 3311 lignea
650 3240 773 3294 tunsum
793 3252 859 3294 cum
879 3233 966 3294 melle
985 3234 1090 3314 subige
1110 3243 1201 3315 atque

275 3367 444 3423 toletanos.
546 3373 578 3421 17
598 3368 728 3424 molidoti
745 3369 795 3438 (sic
812 3369 943 3438 saepius).
1043 3374 1076 3424 21
1097 3369 1202 3439 epithi-

184 3437 312 3492 motium.
377 3444 412 3492 24
430 3439 506 3505 quod
525 3440 576 3506 (sic
594 3441 676 3505 cod.):
697 3456 752 3508 quo
773 3439 933 3495 Concordes.
999 3446 1033 3494 26
1051 3442 1204 3496 vetonicue

186 3509 228 3575 (ul
245 3509 364 3578 saepius)
383 3507 491 3563 radices
510 3509 681 3564 fescicolum.
754 3514 789 3564 34
807 3510 891 3566 liueu.

74 3638 136 3649 Δ

140 3652 159 3697 N
