2609 4017
480 241 519 252 -
567 204 723 291 coa÷

87 368 247 446 repetierit
278 366 335 428 hoc
368 366 493 448 malum,
524 368 619 447 frigus
647 386 685 429 ex
711 367 903 429 multitudine
932 368 992 430 cihi
1022 387 1109 448 prae·

88 456 172 519 cedit
203 457 436 536 gravitatemque
465 457 611 536 quandam
640 464 670 518 et
697 465 851 535 torporem
879 459 945 518 eius
976 457 1048 539 loci,
1075 458 1107 520 id

89 553 137 606 est
162 545 229 624 coli,
253 545 306 605 sed
330 547 394 606 sine
418 544 478 606 ullo
502 545 603 607 dolore
627 545 817 607 sentiendum
839 547 939 627 infert,
963 547 1050 625 plane
1072 555 1108 608 nt

88 643 156 695 tum
183 632 370 715 intellegant,
400 642 510 713 quanto
537 634 613 695 malo
637 637 802 716 caruerint,
826 637 878 714 qui
899 634 948 696 illa
971 634 1107 697 molestia

60 743 74 783 s
90 722 267 783 liberantur.
298 721 362 783 lloc
384 723 601 784 medicamento
619 725 750 802 primum
767 723 944 785 muliercula
964 724 1108 804 quaedam
1126 740 1145 788 8

90 830 129 872 ex
157 811 256 872 Airica
282 814 405 872 veniens
432 811 541 873 multos
569 810 680 873 Romae
707 812 894 894 remediavit,
921 822 1025 892 postea
1051 831 1108 874 nos

90 918 147 979 per
170 918 308 979 magnam
329 918 432 961 curam
456 902 661 980 conpositione
684 902 750 961 eius
772 909 903 984 accepta,
925 902 956 962 id
976 910 1023 963 est
1040 921 1108 982 pre·

90 991 133 1050 tio
158 989 227 1049 dato
252 990 279 1049 ei
302 989 381 1068 quod
405 989 625 1051 desideraverat
645 991 696 1068 qui
714 989 893 1071 venditabat,
916 990 1029 1069 aliquot
1047 1009 1108 1051 non

91 1078 221 1139 humiles
244 1096 341 1157 neque
364 1080 482 1157 ignotos
505 1080 686 1160 sanavimus,
710 1096 838 1158 quorum
861 1080 981 1138 nomina
1004 1098 1108 1158 super·

49 1187 75 1225 ro
92 1184 219 1227 vacuum
244 1174 291 1227 est
312 1167 435 1228 referre.
469 1166 592 1228 Constat
614 1175 714 1241 autem
737 1166 987 1237 medicamentum
1005 1186 1042 1228 ex
1060 1168 1108 1228 his

91 1255 199 1317 rebus:
222 1254 308 1316 Cervi
331 1273 443 1317 cornua
467 1263 636 1337 sumuntur,
659 1257 731 1316 dum
749 1263 853 1317 tenera
872 1264 952 1338 stunt,
974 1263 1005 1317 et
1023 1257 1109 1336 quasi

91 1348 122 1405 in
151 1343 244 1404 taleas
267 1344 313 1405 vel
337 1351 438 1423 partes
461 1344 567 1406 breves
591 1352 750 1406 attenues
773 1344 867 1407 divisa
890 1347 921 1406 in
945 1344 1001 1406 olla
1024 1344 1109 1406 fictili

91 1440 314 1512 componuntur
342 1433 543 1512 operculoque
571 1435 761 1513 superposito
790 1444 820 1495 et
848 1433 950 1512 argilla
976 1433 1109 1513 undique

89 1521 276 1584 'circumdata
303 1521 423 1582 fornace
448 1529 500 1584 aut
522 1522 610 1583 furno
634 1529 778 1602 uruntur,
804 1521 900 1583 donec
922 1524 955 1583 in
977 1524 1109 1583 cinerem

51 1629 76 1670 15
91 1610 338 1672 candidissimum
364 1610 552 1691 redigantur,
580 1618 669 1689 atque
696 1612 737 1671 ita
763 1611 834 1671 trita
862 1612 894 1670 in
921 1628 991 1670 vaso
1014 1612 1109 1670 vitreo

90 1700 206 1760 mundo
225 1707 421 1779 reponuntur.
449 1698 524 1762 Cum
542 1698 676 1759 dolorem
694 1698 753 1759 coli
770 1698 892 1759 habehit
905 1698 1022 1781 aliquis,
1040 1706 1110 1759 aute

92 1789 174 1849 diem
192 1786 390 1864 abstinebitur
409 1806 497 1868 quam
512 1796 639 1868 poturus
654 1797 701 1849 est
714 1788 963 1848 medicamentum
977 1786 1014 1847 ah
1029 1788 1110 1847 omni

92 1875 162 1937 cibo
186 1885 275 1955 atque
297 1879 339 1938 ita
360 1885 481 1956 postera
504 1876 552 1938 die
576 1877 710 1955 digestus
733 1883 823 1956 atque
845 1877 964 1936 ieiunus
983 1876 1111 1955 accipiet

93 1983 131 2026 ex
152 1964 210 2027 hoc
229 1964 350 2044 pulvere
369 1984 515 2027 cornuum
536 1972 711 2026 exustorum
730 1964 868 2026 cocliaria
886 1966 943 2025 tria
961 1963 1110 2027 cumulata

52 2074 78 2113 oo
94 2054 169 2118 satis
193 2054 297 2136 ampla,
320 2054 430 2133 quihus
447 2056 569 2115 misceri
587 2054 699 2115 debent
716 2055 829 2134 piperis
847 2053 907 2114 albi
924 2071 1015 2133 grana
1031 2052 1110 2113 Vllll

92 2144 166 2204 trita
189 2150 219 2204 et
240 2161 358 2223 myrrae
382 2146 530 2224 exiguum,
553 2143 632 2222 qnod
657 2144 780 2204 odorem
802 2142 1007 2205 tantummodo
1026 2160 1110 2221 prae·

93 2240 176 2292 stare
202 2234 305 2312 possit
347 2231 427 2294 Haec
454 2235 486 2293 in
514 2250 606 2293 uuum
634 2234 792 2293 commixta
820 2234 853 2293 in
878 2234 1021 2293 mortario
1045 2230 1146 2292 dili-o

92 2326 201 2400 genter
224 2322 373 2399 agitantur
396 2339 430 2382 ac
452 2328 601 2402 teruntur,
624 2321 732 2382 deinde
755 2321 854 2382 coclea
872 2339 943 2381 vera
963 2320 1111 2400 Africana,

92 2408 126 2469 id
155 2415 202 2469 est
227 2408 296 2470 iude
324 2408 422 2490 allata,
450 2412 579 2472 sumitur
606 2428 695 2489 quam
722 2408 956 2470 maculosissima
983 2415 1014 2469 et
1036 2410 1109 2490 viva,

52 2516 79 2558 25
95 2499 122 2558 si
145 2497 212 2558 fieri
234 2505 341 2579 potest,
364 2500 396 2558 in
419 2498 476 2559 alio
500 2500 641 2559 mortario
661 2516 729 2560 cum
748 2515 803 2557 sua
821 2503 899 2557 testa
916 2495 1112 2557 contunditur

94 2592 185 2664 atque
213 2587 253 2647 ita
282 2588 402 2669 teritur,
431 2586 525 2648 donec
553 2585 669 2648 nullum
696 2586 856 2662 vestigium
884 2591 934 2645 aut
958 2583 1111 2663 aspritudo

94 2681 236 2754 appareat
259 2675 451 2756 testularum3
478 2684 581 2756 postea
603 2676 666 2735 vini
688 2672 806 2734 Falerni
829 2690 891 2734 nou
913 2674 1023 2733 saccati
1045 2690 1111 2751 cya-

94 2763 167 2825 thus
191 2763 319 2825 adicitur
346 2772 377 2824 et
400 2763 492 2825 nihilo
515 2766 615 2825 minus
637 2780 745 2824 rursus
767 2763 891 2843 teritur,
914 2761 1009 2840 magis
1032 2762 1112 2820 enim

95 2858 169 2913 tunc
198 2851 383 2931 apparebunt
408 2852 621 2935 aspritudines,
651 2854 678 2913 si
701 2869 777 2932 quae
799 2850 974 2931 residerint3
1003 2849 1114 2930 quibus

54 2958 81 2999 so
95 2941 201 3002 levatis
220 2943 331 3003 iterum
350 2941 520 3003 adiciuntur
539 2942 598 3003 duo
618 2939 717 3020 cyathi
736 2938 868 3001 eiusdem
887 2941 948 3000 viui
967 2945 1056 3019 atque
1072 2941 1114 3001 ita

97 3048 167 3090 cnm
190 3032 290 3109 priore
314 3032 529 3109 compositione
552 3030 629 3091 bene
653 3029 867 3112 admiscentur,
891 3036 995 3108 postea
1017 3036 1115 3089 trans-

96 3117 265 3179 funduntur
293 3136 369 3197 quae
396 3122 521 3180 suntin
545 3120 687 3179 mortario
709 3120 742 3179 in
764 3117 887 3179 calicem
911 3135 1033 3196 novum,
1062 3117 1115 3195 qui

96 3206 174 3268 calix
193 3225 284 3286 super
303 3207 382 3267 aliud
402 3226 453 3269 vas
471 3209 594 3287 ponitur
612 3207 648 3267 ad
668 3206 813 3267 carbones
832 3214 862 3267 et
877 3205 1000 3266 adsidue
1014 3222 1115 3264 move-

96 3304 149 3356 tur
172 3295 312 3357 cocliario
335 3294 446 3377 liquor,
475 3314 513 3358 ue
537 3296 608 3375 quid
632 3294 767 3358 subsidat
789 3302 841 3355 aut
863 3301 1038 3374 peruratur3
1061 3291 1117 3353 ubi

189 3506 205 3556 9
223 3501 347 3572 ignotus.
413 3507 446 3557 12
465 3502 556 3558 taleas
575 3518 589 3557 e
607 3501 747 3559 Scribonc
765 3500 887 3556 tnbulas.
943 3504 978 3555 14
996 3497 1117 3555 circum·

98 3574 175 3629 dato.
249 3578 282 3627 17
300 3573 427 3642 poturus.
501 3578 534 3629 21
554 3572 703 3643 praestari.
776 3578 810 3628 32
829 3571 890 3644 qui]
911 3571 985 3639 quia„

153 3670 315 3727 Muonuvs,
327 3682 367 3715 un.
381 3674 536 3714 mansuros.
921 3664 956 3713 20

1157 3783 1253 3985 Γ
