2609 4017
581 178 733 243 -252
782 215 819 223 —

193 340 305 401 calidae
329 341 442 420 cyathis
466 340 589 401 totidem
609 349 730 419 epotum
752 343 877 402 maxime
897 341 1019 419 prodest
1039 339 1215 400 lumborum

139 440 174 491 85
194 430 297 490 dolori.
327 429 378 489 Fu
396 439 494 490 terrae
513 432 618 490 tritum
637 448 674 490 ex
692 431 896 491 vetustissimo
914 431 982 489 vino
1001 428 1106 489 bibere
1125 428 1215 488 dabis

192 520 293 579 ieiuno
322 536 412 596 supra
439 518 530 579 limen
559 520 650 579 stanti
677 536 737 579 uno
766 519 856 597 pede,
884 521 936 597 qui
958 537 1063 579 coxam
1086 516 1215 596 dolebit,

194 606 247 667 sed
271 608 385 667 nonin
409 610 484 668 vitro
507 607 584 668 banc
608 609 758 686 potionem
781 607 871 668 bibat.
1287 663 1288 688 ἶ

139 706 174 756 33
281 694 426 755 Praesens
453 696 618 756 remedium
647 695 684 755 ad
712 714 802 757 coxae
830 695 963 757 dolorem
992 696 1051 755 sic:
1081 695 1240 754 Artemi-s
1287 699 1288 774 g

193 786 266 843 siam
294 784 406 844 aridam
436 783 557 864 tundes‚
590 783 736 845 cribrabis
771 794 801 845 et
832 804 869 844 ex
897 786 965 844 vino
993 783 1076 845 dabis
1104 781 1214 843 bibere
1287 779 1288 856 l

140 882 173 933 37
193 873 309 951 ieiuno,
332 874 474 933 continuo
498 872 704 934 emendabitur
727 875 840 934 vitium.
881 872 998 933 Herbae
1020 872 1156 951 pteridis‚
1179 870 1212 930 id
1287 859 1288 940 l

194 968 240 1021 est
267 959 408 1040 filiculae,
435 979 511 1039 quae
538 964 611 1022 ratis
639 961 750 1022 Gallice
779 962 888 1023 dicitur
916 979 1051 1040 quaeque
1081 964 1115 1020 in
1142 962 1212 1038 fago

195 1068 282 1128 saepe
311 1052 457 1130 nascitur,
486 1050 602 1111 radices
630 1058 736 1111 tunsae
763 1053 794 1110 in
822 1053 943 1129 potione
970 1052 1071 1111 ieiuno
1099 1050 1213 1109 dantur
1287 1085 1288 1124 y

195 1156 263 1199 eum
287 1140 355 1198 vino
379 1156 521 1199 coxarum
543 1137 697 1199 doloribus
720 1139 874 1200 laboranti,
1226 1154 1251 1192 1⁰
1287 1127 1288 1204 l

141 1236 175 1286 38
283 1225 430 1287 Hederam
449 1236 479 1287 et
495 1226 620 1287 herbam
635 1226 773 1288 Sabinam
789 1230 892 1307 aequis
906 1226 1095 1306 portionibus
1109 1227 1211 1287 tritam

197 1332 233 1373 ex
260 1317 329 1375 vino
357 1323 477 1375 austero
501 1316 536 1374 ad
560 1315 681 1375 modum
705 1316 852 1376 avellanae
875 1316 940 1376 dari
963 1317 1085 1376 sciatica
1108 1317 1211 1375 ieiuno
1287 1317 1288 1326 ’

196 1409 314 1479 oportet
333 1421 387 1481 per
405 1404 548 1483 triduum,
568 1404 671 1463 eadem
685 1406 766 1483 potio
782 1406 870 1464 etiam
885 1404 963 1464 aliud
978 1403 1088 1464 malum
1103 1422 1210 1463 coxen·
1287 1413 1288 1432 ³

141 1501 175 1549 39
196 1491 270 1551 dicis
299 1502 414 1571 purgat.
455 1491 582 1570 Trixago
610 1492 702 1552 herba
725 1493 884 1553 fervefacta
907 1511 975 1553 cum
999 1510 1074 1571 aqua
1099 1511 1135 1552 ac
1156 1492 1210 1551 tri·

140 1590 176 1638 40
195 1579 252 1640 duo
276 1582 361 1659 potui
384 1581 450 1641 data
475 1582 629 1641 sciaticum
652 1582 778 1641 mirifice
807 1590 898 1642 sanat.
938 1580 1124 1641 Corcodillus
1147 1588 1249 1640 ter-15
1287 1613 1288 1662 3

196 1687 287 1729 renus
316 1671 459 1748 praecisis
489 1672 612 1729 summis
636 1669 772 1748 partibus
795 1672 964 1749 egestisque
986 1671 1151 1729 interaneis
1174 1687 1210 1728 ex
1287 1667 1288 1682 ¹

198 1760 263 1817 iure
287 1766 389 1818 coctus
414 1757 524 1819 cibatui
547 1757 632 1818 datus
656 1776 794 1836 magnum
819 1760 948 1819 sciaticis
974 1766 1106 1836 praestat
1129 1758 1210 1817 auxi-

142 1856 175 1903 41
196 1844 277 1906 lium.
314 1845 417 1907 Fimus
441 1864 573 1925 aprunus
597 1848 664 1905 vino
688 1848 832 1906 remissus
851 1846 1016 1925 tepefactus
1035 1845 1211 1925 colatusque

198 1944 228 1993 et
252 1934 378 1994 duorum
403 1935 578 2013 cyathorum
600 1952 740 1995 mensura
763 1937 846 2013 potui
870 1935 956 1995 datus
980 1935 1110 1994 sciaticis
1134 1933 1211 1994 salu-

144 2032 179 2079 42
198 2020 328 2081 berrime
351 2022 496 2083 medetur.
534 2022 670 2102 Rubiam,
694 2041 751 2101 qua
771 2022 862 2102 pelles
880 2024 1064 2101 inficiuntur,
1087 2021 1211 2082 cottidie
1224 2038 1250 2077 ao
1287 2083 1288 2088 ,

142 2121 176 2170 43
196 2108 299 2168 bibere
319 2111 448 2169 sciaticis
467 2110 540 2170 utile
560 2120 606 2171 est
625 2121 656 2171 et
674 2114 705 2172 in
723 2111 828 2172 balneo
848 2112 975 2172 ferventi
994 2111 1093 2172 lavari.
1123 2110 1212 2171 Geni·
1287 2161 1288 2166 ,

197 2206 259 2257 stae
279 2198 354 2257 rami
372 2197 509 2277 plurimis
528 2198 633 2261 diebus
651 2202 684 2260 in
702 2210 786 2261 aceto
799 2210 997 2279 macerantur,
1016 2200 1124 2260 deinde
1143 2208 1212 2261 tun-

195 2284 308 2346 duntur
331 2294 362 2346 et
385 2288 602 2368 exprimuntur,
626 2306 661 2348 cx
686 2308 720 2349 eo
740 2308 812 2350 suco
832 2290 956 2369 cyathus
974 2307 1052 2350 unus
1071 2288 1108 2349 ad
1130 2288 1210 2348 diem

196 2375 327 2455 sciatico,
350 2393 505 2454 quousque
529 2385 660 2457 sanetur,
683 2379 817 2440 offertur.

142 2474 177 2521 44
285 2462 403 2523 Fimum
426 2463 572 2525 bubulum
596 2466 773 2545 ferventem,
802 2484 889 2545 quem
914 2468 944 2525 in
968 2468 1070 2526 cinere
1094 2465 1249 2526 ardentina

198 2550 379 2633 calefeceris,
402 2572 543 2615 coxarum
567 2553 662 2614 dolori
685 2558 828 2634 inponito,
851 2554 1012 2633 plurimum
1036 2555 1171 2632 prodest.

142 2649 176 2699 45
286 2640 401 2701 Vermis
424 2650 563 2703 terrenus
585 2641 735 2703 exfoditur
753 2651 783 2704 et
801 2646 832 2703 in
852 2643 949 2723 ligneo
968 2661 1060 2704 cauco
1079 2645 1211 2721 ponitur,

196 2729 221 2787 si
244 2729 310 2788 fieri
329 2737 427 2807 potest
446 2731 516 2790 fisso
536 2738 566 2791 et
584 2732 665 2791 ferro
684 2732 810 2811 alligato,
833 2741 906 2793 tunc
925 2750 999 2810 aqua
1018 2732 1212 2811 perfunditur

196 2834 362 2894 rursusque
386 2817 490 2878 eodem
513 2818 587 2898 loco,
610 2820 690 2880 unde
714 2820 846 2898 prolatus
870 2830 924 2899 est,
944 2820 1110 2901 defoditur3
1135 2839 1211 2899 aqua

195 2920 276 2983 vero,
300 2906 329 2963 in
354 2923 412 2983 qua
435 2905 548 2967 dilutus
572 2916 626 2987 est,
649 2910 682 2967 in
705 2909 808 2969 eodem
831 2909 939 2989 poculo
963 2908 1076 2970 bibitur
1100 2928 1116 2968 a
1136 2912 1207 2969 scia·
1222 2925 1247 2964 so

195 2992 254 3051 tico
278 2990 316 3050 ob
339 2993 454 3070 insigne
478 2994 651 3056 remedium.

142 3092 177 3141 43
285 3079 328 3139 Ad
356 3082 486 3141 nesciam
519 3084 684 3145 remedium
714 3087 770 3145 sic:
803 3084 902 3146 Herba
930 3084 1107 3164 pentasyllos
1131 3084 1210 3145 foliis

196 3169 347 3247 fragorum
374 3169 522 3231 simillima
548 3171 626 3231 lovis
654 3173 703 3234 die
731 3173 853 3234 collecta
886 3183 916 3234 et
943 3193 1012 3235 cum
1042 3176 1111 3233 vino
1139 3176 1209 3234 trita

285 3322 381 3393 3qui]
401 3340 456 3393 quo
519 3323 647 3395 abibat]
663 3324 757 3379 dabat.
814 3328 1030 3382 bartemesiam.
1081 3326 1209 3396 'lbepte-

196 3390 272 3445 ridis.
337 3395 528 3450 8filiciculae.
593 3402 625 3449 13
644 3396 759 3465 oportit.
824 3403 856 3452 19
876 3401 1021 3468 cyatorum
1040 3414 1208 3453 mensuram.

197 3467 231 3543 30
249 3463 366 3517 rubiam.
438 3471 473 3518 24
492 3465 621 3520 soeaiico.
695 3473 729 3520 25
749 3467 870 3523 cinerem
891 3470 1015 3523 ardente.
1088 3475 1124 3525 ³0
1144 3484 1210 3523 uero

195 3548 225 3584 m
243 3547 298 3599 qua
316 3549 366 3587 om.
438 3536 468 3587 in
486 3551 537 3589 om.
610 3537 739 3593 sceatico.
1287 3549 1288 3552 ’
