2609 4017
557 186 712 251 -266
761 222 798 231 -

174 364 277 433 tutem,
301 352 439 413 adamans
459 350 535 429 lapis
553 352 691 430 invictus,
714 350 768 428 qni
785 366 884 428 neque
902 350 970 427 igne
990 367 1088 427 neque
1107 350 1193 409 ferro

174 445 312 523 vincitur,
336 444 362 502 si
380 442 524 519 sanguine
542 439 659 499 hircino
677 438 819 517 perfusus
837 439 936 518 luerit,
959 457 1028 498 mox
1046 437 1192 500 solvetur.
1292 455 1293 504 3

119 550 154 598 96
262 532 306 592 Ad
329 531 460 591 vessicae
484 528 617 590 dolorem
645 536 676 589 ct
702 529 807 588 urinae
834 526 1039 589 difficultatem
1063 527 1192 588 herbam
1293 529 1295 608 1

174 620 334 701 gladiolum
356 618 515 697 diligenter
537 618 644 697 fodito,
672 626 707 677 nt
734 634 852 677 omnem
877 616 1009 677 radicem
1032 619 1098 678 eius
1119 616 1192 697 palo
1293 629 1294 668 f

173 712 270 789 ligneo
298 724 400 788 eruas,
427 709 514 769 cuius
542 706 651 767 radicis
679 708 822 766 corticem
850 705 1009 785 diligenter
1033 706 1219 767 nitidatamo
1293 701 1294 766 ἰ

174 797 300 859 siccabis
323 799 433 875 optime
458 803 489 857 et
510 804 591 857 teres
615 802 705 874 atque
728 794 888 875 cribrabis‚
915 803 949 855 nt
976 796 1008 856 in
1034 794 1191 875 pulverem
1294 821 1296 850 r

173 888 381 948 tenuissimum
404 886 531 966 redigas,
554 892 643 963 atque
669 902 705 944 er
730 903 765 945 eo
788 885 933 945 coclearia
954 886 1013 944 tria
1035 886 1139 945 mittes
1157 886 1191 945 in

173 978 348 1037 mortarium
371 982 401 1035 et
424 976 537 1054 piperis
558 973 617 1034 albi
636 991 727 1052 grana
741 971 820 1033 Vllll
837 975 908 1034 trita
927 981 958 1034 et
975 991 1093 1053 myrrae
1112 975 1190 1053 opti·
1294 983 1295 986 ’

174 1084 219 1126 rue
243 1067 331 1126 tritae
354 1063 496 1143 pusillum
519 1064 632 1124 etvini
657 1064 762 1142 optimi
780 1060 811 1123 θ
831 1062 857 1122 ll
880 1071 969 1141 atque
992 1062 1066 1123 baec
1090 1064 1191 1123 omnia

173 1159 204 1215 in
231 1172 324 1215 unum
352 1152 547 1232 permiscebis
574 1162 605 1213 et
627 1159 766 1212 conteres
790 1170 824 1212 ac
846 1150 994 1212 laboranti
1016 1154 1049 1212 in
1071 1151 1189 1232 balneo,
1203 1169 1231 1207 ιο

172 1244 203 1304 id
227 1252 273 1304 est
296 1262 365 1303 cum
387 1245 419 1302 in
441 1244 587 1321 piscinam
610 1241 813 1321 descenderit,
841 1240 925 1300 dabis
953 1240 1113 1301 bibendam
1136 1259 1190 1320 po·
1295 1275 1296 1278 ¹

172 1335 284 1393 tionem
308 1341 337 1391 et
356 1330 499 1410 monebis
522 1339 557 1391 ut
575 1348 607 1390 se
626 1338 696 1409 post
713 1329 852 1390 balneum
871 1328 1049 1390 calidissime
1067 1338 1188 1391 tractet

172 1419 236 1481 Hoc
262 1420 458 1481 medicamine
482 1438 535 1479 seu
558 1421 604 1480 vir
628 1437 683 1479 seu
705 1418 812 1479 mulier
836 1437 890 1479 scu
912 1436 988 1498 puer
1012 1437 1066 1480 seu
1089 1418 1190 1497 puella
1296 1449 1297 1492 γ

172 1510 377 1589 potentissime
400 1507 561 1569 sanabitur.

117 1613 152 1662 97
261 1598 396 1659 Cocleam
425 1598 567 1676 grandem
594 1614 684 1657 unam
711 1598 806 1657 vivam
829 1596 958 1676 prendes
981 1598 1100 1657 eteius
1123 1613 1230 1657 car-15

173 1706 241 1748 nem
273 1689 384 1747 eximes
417 1704 452 1747 ac
482 1686 574 1746 solam
602 1692 683 1746 teres
714 1688 746 1745 in
778 1687 920 1746 mortario
953 1693 983 1745 et
1011 1704 1080 1745 cnm
1110 1688 1190 1747 aceti

172 1778 251 1837 acris
269 1775 447 1837 cocliaribus
470 1774 568 1835 tribus
591 1773 676 1835 dabis
698 1773 858 1835 bibendam
877 1782 965 1854 atque
984 1774 1042 1835 boc
1060 1793 1115 1853 per
1132 1776 1188 1835 tri·

172 1866 265 1926 duum
283 1866 388 1946 lacies3
404 1864 511 1925 deinde
528 1865 699 1924 intermisso
718 1863 828 1944 triduo,
846 1865 906 1924 nisi
923 1865 1023 1925 statim
1037 1864 1189 1942 expulerit

172 1953 331 2033 calculum,
364 1952 500 2013 similiter
527 1952 692 2014 remedium
726 1960 756 2013 et
783 1954 811 2012 si
837 1971 959 2014 necesse
987 1952 1092 2034 luerit,
1123 1971 1188 2014 sac-

171 2044 240 2120 pius
259 2040 351 2101 dabis.
1201 2057 1231 2097 ao

117 2144 152 2193 98
260 2128 369 2189 Felicis
396 2127 541 2207 radicem,
568 2132 703 2209 asparagi
730 2131 889 2210 slongiam‚
916 2132 976 2209 apii
1002 2130 1134 2191 radicem
1158 2139 1190 2192 et
1298 2170 1300 2197 1

171 2217 378 2298 petresilinum
398 2216 486 2277 simul
505 2217 664 2297 diligenter
683 2227 763 2279 teres
781 2227 812 2279 et
830 2221 931 2280 ieiuno
950 2218 1100 2281 calculoso
1118 2238 1190 2281 cum

118 2321 152 2370 99
173 2310 239 2367 vino
264 2306 348 2367 dabis
371 2305 542 2368 bibendum.
574 2306 674 2367 Violae
697 2310 842 2369 erraticae
865 2310 994 2369 rusticae
1017 2309 1134 2371 radices
1158 2317 1190 2370 et

172 2398 230 2476 apii
259 2403 289 2457 et
316 2394 409 2455 violae
433 2397 605 2456 coronariae
633 2414 736 2457 semen
764 2415 823 2458 una
846 2400 974 2459 contrita
997 2405 1027 2457 et
1050 2418 1087 2459 ex
1112 2416 1190 2477 aqua

172 2485 266 2547 calida
293 2504 308 2546 a
337 2484 452 2546 balineo
481 2486 623 2545 continuo
656 2487 741 2563 potui
773 2485 871 2547 oblata
904 2486 1022 2547 dolores
1055 2489 1189 2548 vessicae
1203 2501 1234 2543 ao

172 2577 231 2636 cito
254 2575 385 2654 abigunt.

121 2675 171 2725 100
261 2664 350 2743 Lapis
373 2681 410 2723 ex
432 2664 545 2723 vessica
569 2661 699 2744 bominis
722 2662 855 2741 qualibet
878 2666 1032 2726 curatione
1052 2664 1190 2726 sublatus

172 2755 199 2813 si
220 2761 337 2814 teratur
360 2760 389 2812 et
412 2769 449 2811 ex
471 2752 533 2811 vini
555 2750 670 2830 cyathis
693 2750 790 2812 tribus
814 2752 962 2814 calculoso
985 2756 1071 2832 potui
1090 2754 1190 2835 detur,

171 2841 283 2919 lapides
307 2842 437 2900 vessicae
457 2839 603 2900 humanae
623 2842 742 2900 innatos
761 2840 922 2903 efficaciter
941 2841 1105 2903 dissolvere
1124 2861 1190 2904 cre·

120 2928 265 2989 101ditur.
303 2928 404 2988 Cimex
427 2928 622 2990 foraminibus
646 2937 833 2990 veretrorum
852 2931 1033 2992 confricatus
1053 2931 1231 2993 doloremne

120 3018 307 3077 torvessioae
331 3018 468 3094 protinus
491 3016 575 3080 tollit.
610 3015 729 3078 Vessica
752 3021 819 3096 apri
840 3028 923 3080 recte
946 3019 1104 3081 adversum
1124 3038 1190 3081 ves·

173 3108 251 3167 sicae
275 3104 392 3165 dolores
415 3106 446 3165 in
471 3105 537 3166 cibo
561 3108 704 3185 sumitur,
727 3108 768 3167 ita
791 3114 825 3167 ut
849 3108 958 3169 mulier
981 3108 1119 3189 feminae,
1141 3111 1191 3171 vir

120 3204 169 3254 103
177 3194 301 3257 masculi
324 3201 429 3255 sumat.
464 3192 657 3255 Nasturcium
675 3197 780 3255 tritum
799 3214 869 3256 cum
887 3198 955 3257 vino
974 3196 1054 3259 dulci
1073 3198 1190 3259 cibario

172 3284 256 3345 dabis'
274 3285 405 3345 vessicae
424 3282 521 3343 taedio
539 3282 687 3344 laboranti
705 3301 760 3362 per
778 3284 913 3345 triduum
928 3288 1021 3366 potui,
1040 3286 1094 3347 sed
1113 3289 1190 3349 satis

262 3486 357 3557 ligni
372 3488 532 3543 ocrearius.
581 3493 613 3541 15
628 3488 751 3557 prindes.
802 3491 958 3561 areopagi.
1005 3495 1040 3546 26
1054 3491 1190 3565 abigunt]

172 3557 284 3611 abeunt.
357 3564 391 3611 33
411 3561 586 3613 summamct.
660 3559 837 3616 nastortinm.
