2609 4017
603 193 840 257 -356-

159 367 193 418 88
302 356 345 416 hd
370 358 484 417 varices
507 353 650 433 fugandas
674 353 839 415 remedium
862 355 918 415 sic:
941 353 1076 414 Hederae
1094 353 1220 414 radicem

212 445 315 524 tolles,
337 463 405 505 cum
429 444 520 505 fuerit
541 443 611 504 luna
635 445 666 502 in
690 444 825 522 aquario,
849 452 879 503 et
901 441 1054 503 circumda
1076 460 1140 521 eas,
1162 444 1218 502 cito

158 544 192 593 88
212 533 378 595 medebere.
420 531 553 592 llederae
577 530 666 592 bacas
689 540 764 610 tres,
794 549 869 611 quae
892 550 946 610 per
968 533 1113 610 parietem
1134 532 1217 609 repit,

212 623 293 702 pedi,
320 624 350 683 in
379 639 438 699 quo
467 629 538 681 sunt
560 621 687 699 varices,
716 619 833 698 alligato
857 618 903 679 vel
924 620 1057 681 radicem
1079 621 1144 680 eius
1166 621 1218 680 cir·

157 720 193 770 84
212 711 358 772 cumdato.
393 708 473 787 Rapa
493 727 528 768 ex
548 727 623 787 aqua
642 708 719 770 salsa
736 709 887 787 decoques
905 716 936 769 et
954 726 1139 788 superpones
1155 725 1237 787 per-s

212 797 351 860 nionibus
379 800 437 858 iam
466 797 707 877 erumpentibus,
736 796 890 858 medellam
919 796 1022 858 utilem
1051 799 1216 876 experieris.

156 895 191 946 88
211 887 333 965 Spinam
361 905 397 946 ex
425 886 501 965 pede
524 885 570 947 vel
593 903 781 965 quacumque
805 888 940 965 corporis
964 894 1064 965 parte,
1088 889 1114 946 si
1135 885 1217 946 altius

210 975 312 1036 adacta
339 975 444 1054 fuerit,
473 976 536 1036 sine
565 974 667 1035 dolore
696 974 848 1054 extrahes,
876 992 945 1034 cum
968 974 1124 1035 arundinis
1146 974 1216 1035 radi-

209 1081 274 1125 cem
302 1063 477 1143 adposueris
503 1064 535 1123 in
563 1065 705 1123 mortario
732 1061 848 1141 lapideo
876 1070 1031 1123 contusam
1054 1070 1086 1123 et
1108 1063 1215 1123 adiecto

209 1152 295 1213 melle
319 1151 485 1231 subactam,
511 1151 605 1212 donec
629 1151 666 1211 ad
690 1151 919 1212 crassitudinem
942 1153 1038 1212 ceroti
1059 1152 1215 1231 redigatur,
1226 1168 1248 1205 o

209 1249 240 1302 et
262 1240 353 1302 linteo
377 1242 473 1319 spisso
496 1239 581 1300 inlita
603 1241 779 1320 adponatur,
802 1242 834 1300 iu
858 1258 918 1318 quo
940 1239 1116 1318 frequenter
1138 1241 1216 1319 spina

208 1331 273 1407 ipsa
296 1330 391 1389 eiecta
413 1329 572 1389 invenitur.

155 1425 189 1475 86
297 1415 481 1477 Marrubium
505 1418 668 1477 contritum
691 1416 822 1476 admixto
843 1416 903 1478 sale
922 1417 1040 1477 modico
1059 1417 1216 1494 inpositum

208 1523 301 1584 aeque
328 1505 476 1583 proficere
504 1513 619 1566 constat
647 1504 683 1564 ad
713 1504 893 1566 extrahenda
920 1523 968 1584 ea,
996 1523 1072 1583 quae
1103 1505 1217 1582 corpori

154 1601 187 1651 87
208 1593 399 1655 inhaeserint.
429 1592 558 1653 Herham
577 1595 704 1653 urticam
723 1595 785 1653 sive
803 1594 928 1654 viridem
947 1595 1009 1654 sive
1027 1595 1139 1653 siccam
1154 1610 1216 1653 con·
1227 1608 1247 1648 u

207 1685 309 1743 tritam
339 1682 454 1742 adiecto
482 1680 616 1760 quolibet
643 1680 766 1759 coagulo
794 1681 938 1761 adpones,
970 1680 1095 1742 cuilibet
1121 1681 1216 1741 inhae

154 1778 188 1828 88
208 1772 294 1852 sorit3
323 1772 479 1831 confestim
507 1770 664 1830 miraberis
692 1769 875 1830 celeritatem
903 1770 1053 1831 medellae.
1098 1768 1216 1830 Stercus

208 1877 374 1938 aprugnum
399 1877 435 1919 ex
458 1861 525 1919 vino
550 1857 706 1919 subactum
727 1865 758 1918 et
775 1858 929 1938 emplastri
946 1877 1029 1919 more
1048 1860 1216 1936 inpositum,

209 1947 350 2026 quicquid
374 1947 536 2008 inhaeserit
559 1949 687 2026 corpori,
710 1946 848 2007 celeriter
871 1947 1000 2008 extrahit
1022 1954 1053 2007 et
1076 1955 1169 2007 sanat.

153 2042 188 2092 88
296 2035 408 2114 Butyro
432 2042 462 2095 et
485 2034 613 2096 medulla
636 2037 755 2096 cervina
778 2043 808 2095 et
831 2035 899 2096 felle
921 2038 1040 2097 taurino
1063 2053 1133 2094 cum
1155 2034 1245 2094 oleoso

154 2131 188 2180 8ο
208 2125 330 2202 cyprino
350 2131 402 2182 aut
420 2122 535 2183 laurino
555 2124 695 2201 perfricta
714 2141 810 2202 genua
829 2132 979 2186 sanantur.
1015 2121 1156 2184 Telorum
1173 2130 1214 2183 tu·

208 2209 342 2271 moribus
365 2218 396 2270 et
418 2209 571 2272 doloribus
594 2210 750 2272 musculus
773 2215 905 2273 marinus
923 2214 1012 2274 tritus
1031 2230 1068 2273 ex
1086 2210 1153 2272 oleo
1170 2229 1214 2270 re·

206 2309 272 2361 tere
294 2300 443 2377 inpositus
466 2299 612 2360 medetur.

153 2396 187 2446 81
295 2387 473 2448 Maiandriae
502 2395 532 2448 et
555 2389 665 2466 frigore
688 2388 803 2449 adustis
825 2388 952 2466 pedibus
974 2387 1098 2466 prodest
1120 2390 1213 2449 cuius-

206 2477 279 2538 libet
300 2477 425 2558 pecudis
449 2495 551 2537 sevum
575 2495 643 2537 cum
668 2475 796 2538 alumine
819 2479 923 2538 tritum
946 2477 993 2536 vel
1013 2484 1170 2538 excoctum
1187 2484 1244 2536 eto

207 2568 301 2627 ceroti
324 2566 411 2626 modo
435 2567 608 2644 inpositum.

153 2661 187 2710 88
296 2653 407 2715 Attritu
431 2653 692 2714 calciamentorum
716 2653 809 2714 factos
833 2654 930 2714 clavos
953 2653 1091 2715 emendat
1110 2654 1212 2715 veteris

207 2743 303 2804 soleae
327 2749 448 2803 exustae
472 2744 547 2803 cinis
570 2760 638 2802 ctum
662 2741 728 2802 oleo
751 2744 907 2821 inpositus.

153 2837 187 2888 88
295 2830 452 2892 Ulceribus
482 2830 621 2891 omnihus
653 2830 763 2908 pedum
795 2833 826 2891 in
857 2829 989 2909 qualibet
1016 2838 1101 2909 parte
1129 2831 1213 2910 adeps

208 2920 309 2979 ursina
333 2918 432 2979 addito
455 2919 584 2980 alumine
608 2919 753 2980 medetur.
1220 2933 1242 2974 so

153 3015 189 3064 84
297 3005 341 3087 Ei,
365 3009 417 3085 qui
435 3010 547 3085 patitur
569 3009 692 3087 varices,
711 3009 772 3066 seri
791 3006 899 3068 hircini
918 3007 1057 3068 selibram
1076 3016 1107 3069 et
1124 3008 1213 3088 adipis
1279 3046 1280 3063 t

207 3095 244 3156 de
272 3113 383 3174 capoue
411 3093 516 3155 libram
545 3094 634 3156 simul
662 3097 808 3175 permisce
836 3103 867 3156 et
894 3098 925 3157 iu
951 3095 1043 3158 linteo
1071 3096 1120 3157 die
1143 3096 1212 3157 lovis
1279 3106 1280 3173 p

208 3185 303 3245 ceroti
326 3201 408 3244 more
432 3183 554 3263 adpone,
577 3191 717 3261 potenter
739 3183 906 3244 subvenies.
1279 3176 1280 3257 l

154 3278 188 3329 95
297 3271 419 3338 Stercus
442 3289 589 3350 aprunum
614 3281 735 3333 tunsum
755 3271 976 3350 cribratumque
994 3280 1025 3333 et
1043 3291 1114 3333 cum
1131 3273 1213 3334 melle
1279 3274 1280 3305 ¹

208 3359 356 3421 deteriore
375 3367 492 3422 coctum
513 3367 543 3420 et
562 3359 717 3421 subactum
737 3359 870 3421 articulis
890 3362 1051 3440 inpositum
1071 3362 1241 3423 mederum

298 3549 312 3597 l
332 3546 455 3612 corporis
474 3548 554 3614 parte
573 3545 608 3616 si]
628 3545 687 3601 Hic
704 3547 806 3602 codicia
822 3549 896 3615 ficia.
