2609 4017
501 186 742 250 -141-

105 348 192 430 salis,
222 351 313 430 aceti,
345 348 454 430 mellis,
484 348 543 409 olei
569 351 680 410 veteris
708 367 818 428 aequas
845 356 946 428 partes
973 352 1005 410 in
1033 369 1126 412 unum

104 440 234 499 misceri
258 447 375 518 oportet
397 447 428 499 et
450 456 519 498 cum
542 455 618 516 opus
641 438 746 518 fuerit,
769 439 859 518 pinna
881 439 1045 517 perfricare
1064 439 1126 500 fau·

103 545 157 587 ces
185 527 305 588 diutins
331 527 509 588 laborantes.
555 526 630 588 Item
658 527 733 588 hene
761 527 832 588 facit
860 535 890 588 et
917 527 974 589 hoc
999 528 1161 591 medica-3

102 625 246 677 mentum
275 618 474 696 compositum
502 617 559 676 sic:
596 615 645 677 Git
672 617 754 676 fricti
781 615 806 676 ll
830 615 870 696 ll,
897 616 1032 696 pyrethri
1060 616 1126 698 ill,

76 707 254 784 ssagapeni
275 706 424 766 victoriati
446 704 577 784 pondns;
608 707 678 765 trita
701 704 774 765 haec
797 723 867 766 cum
889 706 976 766 melle
999 708 1126 766 miscen-

101 802 153 854 tur
178 802 213 855 et
237 796 279 854 ita
302 793 437 855 faucibus
460 792 647 854 adhibentur.
684 793 767 854 Facit
784 793 860 855 hene
879 803 910 854 et
928 794 1161 856 medicamen-t

101 890 167 943 tum
188 882 252 944 hoc
271 885 468 962 compositum
487 884 545 944 sic:
565 880 656 942 fellis
675 884 786 943 taurini
804 882 830 942 X
848 882 883 958 ll,
903 885 968 945 suci
986 902 1125 946 cucume-

101 973 145 1031 ris
165 971 300 1033 silvatici
313 971 339 1031 Χ
353 972 375 1053 l,
394 969 536 1051 cachryos
555 978 586 1032 et
604 973 695 1032 misni
711 973 832 1031 animati
847 971 872 1032 ll
889 972 1035 1054 singulos;
1054 975 1125 1034 trita

101 1059 179 1121 haec
199 1061 291 1122 melle
309 1061 439 1121 admixto
457 1067 658 1140 reponuntur3
678 1079 746 1120 cum
766 1079 841 1140 opus
860 1068 914 1142 est,
933 1061 1125 1141 aquatepida

64 1165 90 1204 1o
103 1148 269 1211 diluuntur
292 1158 323 1211 et
344 1151 446 1211 fauces
469 1149 576 1209 exinde
598 1157 808 1228 perunguntur
829 1157 1036 1229 cogunturque
1055 1150 1125 1211 inde

103 1256 196 1316 mam
226 1239 390 1318 plurimum
417 1239 559 1299 devorare
588 1240 640 1316 qui
672 1238 801 1298 faucium
831 1238 933 1299 dolore
965 1247 1124 1320 vexantur3

102 1326 196 1389 solvit
224 1329 304 1388 enim
327 1335 462 1389 ventrem
486 1329 580 1388 etita
604 1325 862 1388 vehementissime
881 1327 1012 1408 prodest.
1049 1327 1159 1389 ltemo

101 1414 183 1477 hene
204 1417 278 1478 facit
293 1425 325 1477 et
342 1417 398 1478 hoc
412 1416 674 1477 medicamentum:
693 1415 960 1478 Hirundininornm
974 1416 1124 1496 pullorum

102 1513 286 1567 exustorum
306 1507 416 1566 cineris
435 1505 461 1566 X
479 1504 501 1587 l,
520 1505 625 1584 hysopi
643 1504 669 1564 x
687 1504 709 1586 l,
727 1507 800 1565 nitri
818 1504 880 1588 ill,
899 1508 1011 1585 piperis
1031 1505 1055 1565 ll
1077 1523 1122 1565 se·

65 1608 91 1649 15
104 1596 242 1676 missem,
260 1594 365 1655 laseris
388 1593 468 1655 illl.
500 1593 564 1654 Hoc
587 1594 803 1654 medicamento
826 1602 857 1654 et
880 1597 998 1673 saepius
1021 1595 1123 1654 fauces

104 1690 136 1743 et
159 1686 300 1762 pressius
325 1683 426 1744 fricari
448 1689 574 1762 oportet.
616 1680 717 1743 Multis
737 1691 767 1742 et
789 1680 847 1742 hoc
865 1682 978 1760 profuit
995 1682 1159 1743 medica-s

104 1781 259 1834 mentum:
282 1772 372 1854 Costi,
396 1774 465 1852 opii,
488 1773 579 1851 anesi,
602 1771 734 1851 schoeni,
757 1771 853 1831 casiae
877 1772 969 1850 rufae,
995 1769 1124 1849 singulo·

105 1879 175 1922 rum
201 1861 228 1921 x
251 1861 351 1939 binos,
374 1864 417 1940 git
440 1860 511 1941 XI,
539 1861 648 1921 amomi
674 1861 823 1920 victoriati
845 1858 963 1939 pondus
985 1859 1011 1940 l,
1037 1861 1124 1939 asari,

107 1950 190 2028 qnod
216 1959 262 2011 est
287 1968 398 2031 semen,
422 1949 502 2030 xil,
524 1948 662 2010 aluminis
685 1949 749 2009 fissi
772 1948 838 2031 XI,
861 1948 953 2027 gallae
977 1948 1056 2027 qnod
1078 1956 1125 2009 est

68 2053 94 2093 so
106 2039 242 2100 medinm
265 2039 468 2118 magnitudine
492 2040 598 2099 ciceris
616 2036 723 2116 pilulas
744 2056 869 2099 numero
888 2036 920 2121 V,
944 2040 1025 2098 croci
1043 2036 1069 2098 il
1088 2036 1124 2119 ll,

107 2131 356 2206 crocomagmatis
378 2129 525 2188 victoriati
544 2126 671 2208 pondus,
695 2145 811 2207 myrrae
830 2128 978 2188 victoriati
996 2127 1122 2207 pondus,

107 2216 297 2277 aristolociae
315 2216 445 2277 Graecae
464 2215 490 2275 X
509 2215 571 2297 llll,
595 2218 722 2276 cinnami
742 2215 766 2276 ll
786 2215 836 2295 lll,
860 2216 1054 2277 hirundinum
1073 2215 1122 2275 sil·

107 2307 256 2366 restrium
283 2313 457 2366 exustorum
485 2304 634 2384 pullorum
663 2307 773 2364 cineris
796 2304 822 2364 ll
842 2303 881 2386 V,
910 2304 996 2365 nardi
1023 2306 1123 2382 spicae

109 2395 260 2455 victoriati
274 2394 400 2472 pondus.
428 2393 514 2454 Melle
528 2394 627 2455 Attico
645 2392 819 2473 despumato
838 2393 1123 2472 conprehenduntnr

71 2482 184 2544 sehaec
213 2485 311 2544 omnia
339 2483 496 2562 diligenter
523 2485 607 2564 trita3
635 2500 705 2542 cum
732 2489 831 2543 autem
860 2500 935 2561 opus
963 2482 1054 2542 fuerit
1077 2499 1122 2541 rc·

108 2575 210 2650 parari
232 2571 290 2633 hoc
312 2572 576 2652 medicamentum,
598 2570 745 2632 adicietur
768 2568 846 2648 qnod
870 2573 942 2630 satis
965 2571 1023 2630 erit
1046 2571 1123 2629 eius·

108 2660 179 2721 dem
203 2660 299 2721 mellis
322 2669 352 2722 et
375 2662 419 2720 sic
442 2660 578 2721 faucibus
600 2662 760 2720 inseretur.
801 2657 864 2718 Hoc
887 2657 968 2717 Livia
991 2656 1123 2734 Augusta

109 2767 231 2828 semper
249 2751 447 2828 compositum
465 2748 569 2810 habuit
586 2756 617 2810 et
631 2746 820 2808 reconditum
835 2748 866 2806 in
880 2745 999 2806 vasculo
1013 2747 1122 2826 vitreo,

109 2839 183 2898 facit
205 2841 286 2898 enim
309 2838 435 2898 mirifice
457 2836 614 2898 adversum
637 2837 775 2915 anginam
798 2843 828 2896 et
851 2835 1029 2914 synanchen.

73 2938 98 2981 to
200 2926 448 2988 Medicamentum
471 2927 507 2986 ad
526 2928 673 3008 anginam,
696 2925 775 3004 quod
794 2925 961 3004 devoratur,
980 2931 1124 3004 quantum
1143 2936 1158 2986 7

110 3015 205 3094 digito
225 3033 284 3076 nno
303 3015 368 3076 tolli
385 3015 431 3075 rel
450 3014 549 3093 colligi
567 3022 674 3097 potest,
693 3015 882 3093 componitur
901 3032 937 3074 ex
956 3014 1016 3075 his:
1039 3013 1122 3074 Rhus

111 3103 227 3183 Syriaci
236 3104 351 3164 denarii
362 3106 525 3184 semissem,
538 3103 645 3182 hysopi
654 3103 838 3182 tantundem,
852 3121 992 3181 ceparum
1004 3102 1121 3182 Cypria·

109 3210 180 3253 rum
206 3195 303 3271 capita
331 3195 400 3274 tria,
428 3193 532 3253 laseris
560 3192 714 3272 Cyrenaici
741 3200 884 3271 quantum
913 3194 976 3251 ervi
998 3208 1123 3270 granum

110 3288 170 3362 est,
193 3283 256 3342 vini
277 3280 354 3342 bene
377 3282 492 3342 odorati
515 3281 637 3360 cyathos
660 3288 731 3341 tres.
778 3280 852 3341 Cum
875 3281 943 3339 vino
969 3296 1059 3357 cepae
1082 3280 1124 3338 ita

184 3488 254 3541 det
272 3492 336 3556 post
357 3486 429 3542 hene
448 3503 500 3542 om.
590 3491 748 3554 8cacryos.
841 3489 873 3536 13
895 3483 1123 3541 herundinorum.

115 3562 148 3612 15
168 3557 412 3613 medicamentum.
486 3564 519 3612 ls
538 3557 651 3628 oportit.
724 3562 758 3610 22
777 3553 971 3610 herundinum.
