2609 4017
585 206 622 215 -
673 170 826 236 316-

196 352 257 395 non
281 340 400 394 austero
423 332 581 394 molliendo
605 335 703 394 ventri
721 332 883 412 plurimum
901 340 1036 413 prosunt,
1059 333 1084 392 si
1101 333 1202 411 stipsi

196 422 415 484 manducentur
443 431 473 484 ct
500 424 548 483 ius
574 421 648 483 illud
676 421 797 483 bibatur
825 429 894 482 ante
920 421 1035 503 cibum,
1066 428 1098 481 ut
1124 423 1202 481 inter

197 512 355 592 prandium
379 519 409 571 et
432 528 534 572 cenam
559 511 656 572 alvum
679 510 786 572 leniter
810 510 929 571 molliat.

162 615 178 663 3
287 599 374 662 Orilli
392 599 477 660 lactis
496 601 624 660 sextario
644 602 671 660 si
689 602 757 679 quis
771 600 879 661 adiciat
892 600 970 660 cnici
984 596 1202 678 purgatihlssl
1286 642 1287 663 2

198 697 228 751 et
251 689 417 749 discoctum
439 690 480 748 ita
503 686 615 768 ebibat,
643 689 757 750 molliet
778 697 921 750 ventrem.
962 687 1088 759 Quidam
1108 687 1227 749 trihuso

197 779 325 838 heminis
349 779 409 837 riui
432 777 566 838 adiciunt
589 777 668 838 aloes
691 777 718 838 X
740 779 895 839 semissem
921 779 1015 839 etita
1038 785 1131 838 totum
1151 794 1201 857 per
1286 806 1288 877 p

196 874 297 946 partes
320 884 395 945 aqua
419 867 544 927 mixtum
568 865 688 947 bibunt,
715 876 750 928 ut
777 867 910 928 molliant
933 874 1075 927 ventrem
1116 865 1203 926 Solvit
1286 880 1288 943 p

198 963 297 1016 autem
320 954 417 1015 alvum
440 955 554 1017 utiliter
576 957 641 1034 ipsa
665 955 728 1016 aloe
746 975 801 1036 per
820 974 853 1016 se
875 958 1024 1016 victoriati
1048 951 1136 1034 <rcl>
1157 953 1203 1014 de·
1286 948 1287 1001 i

198 1045 274 1104 narii
296 1043 429 1123 pondere
452 1063 489 1105 ex
508 1062 601 1124 aquae
620 1044 734 1125 cyathis
754 1045 851 1106 trihus
869 1044 916 1105 rel
933 1044 1059 1123 frigidae
1077 1043 1123 1103 vel
1139 1042 1202 1103 cali·
1286 1048 1287 1127 l

198 1131 252 1192 dae
277 1139 403 1212 epotata.
1218 1149 1243 1187 1o
1286 1146 1287 1205 l

162 1233 179 1282 4
286 1221 398 1300 Purgat
421 1223 531 1300 optime
555 1229 689 1282 ventrem
713 1221 880 1281 chamelaea
906 1221 1012 1300 herba,
1038 1222 1115 1300 quae
1142 1219 1208 1279 l'olia
1286 1212 1287 1239 ¹

198 1309 305 1370 similia
328 1309 420 1370 olivae
443 1309 542 1390 habet,
566 1329 693 1389 quorum
717 1311 850 1389 quinque
873 1309 919 1370 rel
939 1328 991 1370 sex
1011 1309 1075 1370 dari
1094 1316 1209 1388 oportet

198 1399 268 1458 trita
296 1416 332 1458 ex
361 1416 453 1477 aquae
481 1397 594 1459 mulsae
623 1398 736 1478 cyathis
767 1406 909 1477 quattuor
938 1397 1075 1477 frigidae,
1109 1400 1136 1457 si
1163 1397 1208 1458 ad·
1286 1468 1287 1475 ἵ

197 1494 302 1548 suctus
326 1489 396 1569 erit,
420 1489 469 1548 cui
492 1486 624 1548 remedio
648 1506 724 1566 opus
747 1494 802 1568 est,
824 1490 872 1548 siu
894 1489 1002 1565 miuus,
1026 1485 1140 1547 calidae
1163 1486 1209 1546 ad·
1286 1482 1287 1573 l

162 1577 276 1637 niceto
300 1575 369 1636 salis
393 1576 545 1657 cocliario;
569 1575 700 1637 detrahit
722 1579 802 1636 enim
824 1575 945 1654 largiter
963 1574 1062 1636 bilem.
1099 1575 1244 1653 Purgato

198 1663 274 1725 bene
293 1665 391 1726 alvum
410 1665 495 1726 filicis
514 1664 599 1725 radix
617 1665 676 1726 lota
698 1672 728 1726 ct
746 1683 812 1724 rasa
831 1670 920 1743 atque
938 1666 970 1724 in
988 1666 1128 1724 minimas
1145 1682 1210 1742 par-
1286 1712 1287 1715 ,

198 1753 304 1814 ticulas
328 1755 446 1813 concisa
469 1754 506 1814 ad
530 1755 713 1814 semunciam
734 1762 817 1814 aceto
837 1771 966 1832 aspersa,
989 1752 1096 1813 deinde
1118 1760 1210 1832 cocta,
1286 1764 1287 1831 l

197 1848 231 1902 ut
255 1841 331 1902 solet
352 1841 440 1902 holus
463 1844 564 1922 coqui,
593 1850 623 1902 et
650 1843 692 1902 ita
715 1859 783 1902 ctrm
807 1844 892 1921 panis
915 1843 1002 1903 uncia
1025 1852 1209 1922 consumpta.
1286 1838 1287 1857 ¹

161 1943 177 1991 6
286 1929 398 2009 Purgat
413 1929 488 1991 bene
502 1930 576 1991 haec
590 1932 756 2010 conpositio
770 1939 918 1992 renuent:
932 1929 1019 1991 alloes
1030 1930 1055 1990 Ξ
1067 1933 1208 2013 semissis,

198 2016 356 2095 colophoui
370 2017 395 2078 ll
409 2017 445 2099 ὃς
464 2037 523 2080 uua
540 2027 681 2080 teruntur
694 2018 777 2099 hacc,
791 2019 919 2081 adicitur
934 2019 1028 2080 mellis
1042 2019 1124 2099 quod
1139 2022 1208 2081 satis
1219 2035 1244 2074 ao

197 2107 237 2166 sit
251 2105 286 2165 ad
302 2105 466 2183 colligenda
480 2125 522 2167 ea.
552 2106 646 2168 Datur
661 2126 698 2168 ex
711 2126 805 2188 aquae
819 2108 932 2169 calidae
946 2107 992 2168 rel
1005 2108 1131 2187 frigidae
1146 2127 1207 2188 cya-

198 2194 257 2255 this
280 2191 342 2253 llll.
379 2193 443 2254 Hoc
467 2195 716 2258 medicamentum
738 2197 924 2257 stomachum
947 2215 1007 2257 non
1031 2201 1207 2277 conrumpit

162 2296 176 2344 'l
286 2281 404 2343 Globuli
428 2284 551 2345 mirifice
570 2293 732 2364 purgantes
751 2294 894 2366 ventrem,
918 2287 1021 2364 quint
1039 2295 1207 2365 sumuntur,
1286 2304 1287 2353 Ὺ

196 2373 238 2432 ita
260 2373 370 2451 integri
389 2371 559 2435 deiciuntur
577 2392 632 2434 nec
651 2373 773 2435 laedunt
791 2373 985 2453 stomachum,
1008 2375 1206 2436 conficiuntur
1286 2372 1287 2437 ἶ

197 2463 254 2523 sio:
282 2460 445 2541 Colophoni
468 2461 579 2542 illul,
602 2461 727 2523 hidellae
751 2461 836 2544 llll,
858 2465 986 2542 gummis
1010 2462 1089 2524 xil.
1129 2463 1241 2524 flacco
1286 2442 1287 2525 i

196 2553 267 2612 trita
289 2551 422 2612 lactucae
446 2569 518 2612 suco
542 2550 722 2629 colliguntur
746 2559 776 2612 et
798 2553 952 2631 tinguntur
970 2551 1079 2630 pilulae
1097 2554 1205 2631 magni·
1286 2554 1287 2627 f

197 2640 300 2700 tudine
333 2640 428 2720 labae,
461 2638 569 2700 dautur
598 2658 615 2699 a
642 2639 740 2700 trihus
767 2640 868 2718 pilulis
896 2657 992 2719 nsque
1019 2641 1056 2700 ad
1085 2650 1205 2721 septem,

196 2736 286 2808 prout
309 2731 454 2807 cuiusque
478 2730 555 2788 vires
578 2729 737 2807 patientur.

160 2828 177 2876 8
286 2816 416 2897 Globuli,
445 2819 496 2895 qui
524 2818 611 2877 etiam
636 2819 754 2878 cenanti
777 2817 886 2879 dantur
909 2827 940 2879 et
963 2817 1097 2878 efficiunt
1122 2836 1204 2878 mane

196 2905 309 2966 ventris
328 2904 524 2966 deiectionem
543 2915 687 2985 quantum
705 2908 777 2967 satis
796 2908 843 2987 sit,
862 2909 919 2968 sic:
938 2906 1103 2985 Colophoni
1120 2905 1204 2986 hul,
1215 2924 1239 2962 oo

196 2992 275 3054 aloes
303 2999 334 3052 et
360 2993 544 3072 tragacanthi
577 2994 676 3075 binos3
707 2994 765 3055 hoc
794 2995 891 3074 pridie
923 3013 999 3074 aqua
1029 3002 1203 3074 maceratur,

195 3087 316 3160 postero
344 3080 392 3142 die
421 3083 529 3142 ceteris
556 3082 751 3164 admiscetur;
783 3084 859 3144 liunt
888 3083 958 3143 inde
985 3082 1098 3161 globuli
1124 3083 1203 3144 lahee

196 3169 407 3251 magnitudine,
431 3169 539 3231 dantur
560 3190 576 3231 a
595 3172 692 3233 trihus
711 3191 806 3251 usque
825 3171 861 3232 ad
882 3170 945 3253 Vll;
967 3180 1095 3250 prosunt
1117 3173 1203 3251 pluri·

196 3279 279 3322 mum
302 3261 399 3320 ventri
423 3266 452 3320 et
476 3259 661 3320 stomachum
684 3261 766 3321 nullo
789 3261 877 3320 modo
901 3268 1015 3321 vexant.

260 3395 412 3480 ¹iveutr'i
429 3395 598 3466 Stephanus:
617 3399 722 3479 ventre.
814 3393 1036 3520 leniciplcicui.
1128 3394 1202 3479 8rel

196 3466 294 3520 addede
313 3483 326 3520 c
344 3466 466 3520 Scrobco.
547 3472 580 3522 18
599 3484 713 3535 quoqur.
795 3473 830 3521 20
849 3466 931 3536 colop
953 3481 1035 3521 omae
1056 3465 1203 3523 &mantes
1286 3528 1287 3537 χ

194 3550 305 3603 semper.
378 3541 411 3589 29
431 3536 536 3592 canatis
555 3537 679 3592 Scribere.
