2609 4017
582 164 825 230 -138-

194 334 224 388 et
245 327 352 407 pollice
375 346 500 407 granum
523 327 641 388 vulsum
669 329 713 388 sic
736 327 977 409 transgluttierit,
1006 337 1040 390 ut
1066 327 1202 390 dentibus

139 431 175 480 aa
193 435 253 477 non
282 419 442 496 contingat.
485 416 609 477 Stercus
637 415 814 478 caballinum
842 435 947 478 recens
975 417 1097 497 colliges
1119 425 1151 478 et
1173 420 1203 478 in

192 507 282 566 furno
304 506 469 584 calefacies,
492 515 564 566 tnnc
587 505 686 566 oleum
709 505 807 566 medio
831 507 920 585 capiti
942 506 1083 566 infundes
1102 514 1203 567 contra

193 613 278 655 nram
308 601 338 655 et
366 595 409 655 sic
437 604 554 655 stercus
582 593 767 674 praedictum
793 597 825 655 in
851 613 950 674 panno
978 595 1023 656 vel
1052 597 1084 655 in
1114 594 1203 656 linteo

138 697 174 746 ot
193 686 289 762 spisso
309 685 398 762 capiti
417 683 614 762 superligabis
627 686 660 743 in
673 691 800 746 noctem.
833 682 987 745 Frumenti
1004 701 1096 762 grana
1115 700 1227 761 supera
1279 731 1280 756 p

192 771 368 834 candentem
391 772 521 851 tegulam
543 791 637 852 pones
661 780 691 833 et
714 773 869 852 disperges
893 791 927 833 ea
950 780 1071 833 etcum
1096 771 1205 832 videris
1279 767 1280 770 ’

192 878 228 920 ex
251 861 298 921 bis
321 879 457 922 umorem
476 865 595 940 nigrum
614 863 705 942 exire,
728 861 765 922 de
784 860 929 922 cocleario
949 860 1069 940 colliges
1089 871 1120 922 et
1139 860 1205 922 sub·

137 963 173 1012 nt
190 949 260 1009 inde
279 968 352 1011 uvae
371 949 511 1031 adpones,
530 952 629 1011 statim
648 949 835 1012 remediabis.
868 949 913 1010 Ad
928 951 1027 1011 fauces
1048 958 1077 1010 et
1097 952 1205 1010 arteria

152 1089 157 1098 .
190 1038 332 1116 impedita
355 1039 521 1100 remedium
544 1039 618 1099 utile
647 1041 704 1100 sic:
741 1038 829 1100 Croci
855 1038 991 1118 dragmas
1014 1037 1091 1118 Vlll‚
1122 1039 1205 1099 nardi

191 1125 272 1206 drag.
295 1127 335 1208 11,
364 1127 605 1188 scboenuantbus
633 1125 714 1206 drag.
741 1127 768 1209 l,
795 1127 885 1189 amuli
913 1124 994 1207 drag.
1017 1127 1030 1187 l
1054 1127 1088 1202 S,
1120 1144 1238 1188 rosaceo

191 1218 311 1277 seminis
335 1214 416 1296 drag.
434 1217 462 1296 1,
484 1217 582 1277 mellis
604 1216 696 1277 Attici
719 1216 857 1296 cyathum
882 1235 974 1278 unum
998 1235 1066 1277 cum
1091 1218 1203 1276 tenuis·

191 1306 266 1365 simo
293 1304 415 1382 pulvere
443 1308 612 1383 specierum
639 1324 730 1384 supra
758 1306 904 1367 dictarum
932 1305 1072 1366 miscebis
1101 1313 1132 1365 et
1155 1304 1203 1364 dc-

138 1406 173 1456 ne
192 1411 302 1472 coques
326 1395 457 1454 tenuiter
480 1402 510 1454 et
533 1394 570 1454 ad
593 1397 820 1472 perunctionem
844 1395 973 1455 lancium
999 1395 1103 1454 uteris.
1146 1392 1202 1452 Lac

190 1480 335 1542 bubulum
359 1500 465 1543 recens
488 1482 618 1543 mulsum
641 1490 672 1544 et
694 1483 774 1544 lento
797 1485 866 1561 igne
887 1481 1062 1543 calefactum
1079 1480 1202 1560 gargali-

190 1580 348 1650 zatnmque
367 1573 475 1632 arteria
490 1573 652 1632 constricta
670 1572 769 1632 inluso
788 1578 904 1632 catarro
924 1579 954 1631 et
968 1572 1068 1631 lauces
1083 1588 1202 1649 exaspe·
1215 1585 1237 1626 u

190 1669 270 1720 ratas
292 1662 434 1738 pristinae
458 1662 578 1721 sanitati
600 1662 738 1721 restituta
762 1669 909 1739 persanat.

136 1761 171 1810 aa
280 1748 357 1809 Uvae
386 1749 497 1810 dolenti
525 1755 556 1809 et
577 1749 740 1810 destillanti
763 1748 1011 1809 medicamentum
1035 1756 1203 1826 praesenta-

190 1855 280 1899 neum
299 1839 356 1898 sic:
375 1837 473 1898 Gallae
493 1837 576 1897 rufae
595 1840 787 1918 semunciam,
807 1837 944 1898 aluminis
959 1828 1100 1921 scissi}
1118 1835 1203 1916 vnit
1280 1825 1281 1832 ἵ

190 1943 306 2003 myrrae
334 1927 546 2005 pinguissimae
574 1918 614 2011 τὶ
638 1926 730 2007 Vllll,
758 1924 938 1988 cunicularis
965 1924 1076 1986 herbae
1104 1925 1202 1986 aridae

190 2032 282 2092 snper
295 2013 435 2092 mundam
451 2013 579 2092 tegulam
595 2014 767 2076 combustae
782 2016 891 2076 cineris
906 2016 1098 2076 semunciam.
1123 2012 1202 2074 Haec
1214 2030 1236 2070 ao

190 2104 288 2162 omnia
311 2104 342 2161 in
365 2105 572 2162 tenuissimum
597 2103 749 2183 pulverem
772 2105 892 2164 redacta
915 2112 946 2163 et
969 2105 1000 2163 in
1025 2121 1118 2163 unum
1137 2121 1202 2182 per·

190 2193 281 2250 mixta
305 2198 461 2251 servantur
484 2209 554 2251 vaso
573 2194 667 2252 vitreo
686 2204 717 2253 et
735 2192 941 2271 pertriduum
960 2191 1094 2252 cocleare
1114 2193 1200 2252 semi·

190 2279 434 2356 plennm'ieiunn
458 2286 488 2340 et
506 2280 582 2341 bene
602 2281 717 2360 digesto
736 2284 813 2342 intra
833 2299 867 2341 os
885 2282 1037 2361 inseritur,
1061 2287 1096 2341 ut
1116 2298 1200 2340 uram

137 2379 171 2429 58
191 2369 341 2447 contingat
364 2374 395 2428 et
417 2367 529 2431 inlinat.
568 2369 740 2431 Causticum
763 2370 799 2430 ad
824 2388 909 2430 uvam
927 2371 1048 2449 penitus
1067 2371 1200 2430 minuen-

190 2456 257 2516 dam
279 2456 326 2517 vel
349 2458 580 2518 consumendam
604 2461 660 2520 sic:
692 2458 827 2520 Fenicnli
850 2454 930 2537 drag.
954 2458 980 2538 l,
1006 2456 1095 2518 calcis
1119 2459 1233 2518 vivaces

190 2543 269 2624 drag.
288 2545 310 2628 1,
333 2546 471 2607 afronitri
494 2544 572 2627 drag.
592 2546 636 2628 lt,
660 2546 827 2609 chalcantbi
850 2543 930 2627 drag.
949 2547 988 2626 ll,
1011 2549 1043 2607 in
1066 2543 1148 2624 drag.
1166 2545 1198 2605 ll.

189 2633 319 2696 Contusa
342 2635 415 2696 baec
442 2645 473 2696 et
499 2638 531 2695 in
554 2635 707 2714 pulverem
730 2636 850 2697 redacta
872 2638 1019 2715 permisce
1043 2644 1073 2695 et
1096 2633 1199 2712 subige
1281 2681 1282 2702 r

189 2741 256 2784 cnm
281 2726 382 2784 cinere
404 2723 486 2784 lixivi
508 2725 626 2785 ficulnei
645 2733 676 2785 et
694 2728 803 2804 inpone
823 2727 945 2804 siccum,
968 2727 1008 2785 ita
1029 2730 1062 2784 nt
1080 2723 1200 2783 baereat

134 2824 170 2873 ne
189 2830 262 2871 uvae
291 2812 336 2872 vel
365 2811 508 2872 lancibus.
554 2812 663 2873 Raucis
691 2822 722 2874 et
748 2813 901 2892 gravedini
927 2815 1008 2874 vocis
1038 2811 1198 2891 plurimum

188 2899 311 2978 prodest
329 2900 562 2980 tragacantbum,
582 2904 608 2960 si
626 2901 683 2962 snb
701 2901 801 2981 lingua
815 2902 867 2962 din
886 2909 1031 2981 teneatur,
1050 2909 1101 2961 aut
1115 2903 1199 2980 piper
1210 2917 1232 2956 eo

135 3000 170 3049 60
189 2995 220 3048 et
237 2987 378 3067 paulatim
397 2988 494 3065 saliva,
519 3007 594 3068 quae
613 2989 736 3050 collecta
757 2991 857 3071 luerit,
881 2990 1045 3052 sorbeatur.
1082 2988 1198 3050 Raucus

189 3078 214 3137 si
237 3094 290 3136 ova
314 3077 429 3137 incocta
452 3080 583 3138 recentia
607 3077 722 3158 singula
745 3078 957 3158 pertriduum
983 3080 1102 3139 ieiunus
1128 3078 1197 3138 ban-

261 3247 348 3319 lsic]
368 3247 400 3303 ei.
490 3249 668 3318 ipmedum.
751 3250 939 3306 ihumorem.
1030 3248 1198 3304 lienteriam

187 3317 354 3388 impeditam
373 3320 531 3374 Oornariea.
606 3328 639 3375 10
657 3319 856 3391 scynnenthos.
930 3320 1114 3376 lienteriam
1135 3336 1197 3375 con-

188 3391 315 3444 strictum
331 3390 490 3446 mariue.
546 3389 691 3446 confricta„
747 3398 783 3447 20
797 3392 968 3448 eumbnsbec.
1024 3398 1058 3446 26
1076 3390 1197 3447 efroniti.

187 3460 217 3513 in
235 3465 280 3528 (=
300 3459 356 3528 loe)
373 3463 489 3530 scripsi:
507 3461 573 3518 loni.
646 3468 681 3517 nt
700 3463 812 3536 subige]
831 3465 882 3519 snb
900 3463 975 3534 igne.
1047 3468 1082 3518 29
1101 3480 1198 3533 greve·

187 3529 260 3585 dine.
333 3538 367 3586 30
385 3533 554 3603 ungulum.
626 3535 747 3590 tenetur.
