2609 4017
43 1003 44 1012 ’
119 995 621 1059 MARCELLUSVlRlNLUSTER
635 995 688 1057 EX
698 995 892 1058 Mlclsruo
901 994 1136 1059 OFFlClOllUll

225 1120 430 1183 runcocsu
454 1120 535 1183 SEN.
559 1120 671 1182 FlLllS
696 1119 778 1182 SUlS
803 1118 981 1182 SALUTEM
1003 1120 1036 1183 D.

575 1264 682 1271 ———

212 1370 340 1431 Secutus
364 1386 454 1449 opera
477 1370 680 1431 studiosorum
702 1372 849 1449 virorum,
876 1372 928 1447 qui
954 1369 1024 1431 licet
1047 1368 1136 1431 alieni
1157 1380 1171 1427 1

43 1456 45 1490 ³
121 1460 233 1520 tuerint
256 1458 292 1519 ab
315 1460 502 1520 institutione
525 1459 698 1539 medicinae,
721 1466 820 1519 tamen
843 1458 1015 1519 huiusmodi
1038 1461 1136 1519 causis

42 1511 46 1626 l
122 1566 209 1610 curas
228 1546 343 1608 nobiles
361 1547 537 1628 intulerunt,
555 1548 689 1609 libellum
706 1548 787 1609 bunc
806 1547 843 1608 de
860 1549 1011 1626 empiricis
1026 1554 1136 1627 quanta

43 1643 46 1710 ζ
121 1639 207 1716 potui
230 1636 360 1697 sollertia
380 1636 591 1716 diligentiaque
615 1638 790 1715 conscripsi,
814 1635 1014 1696 remediorum
1037 1636 1135 1715 physi-

44 1733 47 1806 t
93 1740 226 1787 acorum
250 1727 312 1786 sive
336 1725 555 1786 rationabilium
579 1724 817 1786 confectionibus
842 1732 873 1784 et
895 1723 1136 1784 adnotationibus

44 1825 47 1902 ᾗ
121 1815 231 1875 lartum
249 1813 409 1875 undeunde
429 1814 569 1875 collectis.
598 1814 671 1874 Nam
686 1816 712 1874 si
728 1814 800 1892 qnid
815 1830 956 1892 umquam
970 1830 1136 1891 congruum

45 1921 48 1984 ζ
122 1906 240 1963 sanitati
259 1904 466 1981 curationiqne
484 1903 638 1963 bominum
658 1902 705 1963 vel
724 1902 761 1963 ab
780 1902 845 1962 aliis
863 1904 987 1981 conperi
1006 1901 1052 1962 vel
1071 1904 1135 1980 ipse

45 1993 48 2058 Ι
120 2010 179 2053 usu
202 1991 363 2071 approbavi
385 1991 431 2051 vel
454 1991 579 2071 legendo
608 1993 747 2074 cognovi,
775 1991 806 2052 id
835 2008 971 2070 sparsum
1002 1990 1135 2051 incondi-

121 2090 244 2160 tumque
268 2080 374 2157 collegi
397 2088 428 2140 et
450 2082 481 2140 in
506 2098 598 2141 unum
615 2098 725 2160 corpus
744 2081 829 2160 quasi
848 2080 971 2140 disiecta
990 2087 1020 2139 et
1037 2078 1135 2140 lacera

44 2115 47 2244 f
80 2185 107 2225 10
121 2169 314 2248 Aesculapius
335 2168 429 2229 Virbii
452 2169 585 2230 membra
608 2172 762 2249 conposui.
803 2167 865 2229 Nec
894 2167 989 2229 solnm
1018 2176 1170 2229 veteress

44 2247 47 2320 l
120 2258 285 2319 medicinae
314 2260 386 2319 artis
417 2265 554 2319 auctores
582 2257 688 2318 Latino
720 2259 873 2318 dumtaxat
901 2274 1038 2317 sermone
1068 2275 1135 2337 per-

44 2323 47 2462 ι
121 2349 263 2428 scriptos,
290 2348 340 2408 cui
368 2348 413 2407 rei
440 2364 560 2427 operam
587 2354 716 2426 uterque
743 2346 858 2406 Plinius
886 2354 916 2406 et
939 2345 1082 2424 Apuleius
1105 2353 1136 2406 et

121 2436 225 2497 Celsus
244 2443 275 2497 et
288 2434 466 2515 Apollinaris
483 2454 517 2497 ac
531 2434 759 2515 Designatianus
773 2435 882 2514 aliique
896 2434 1031 2494 nonnulli
1046 2437 1135 2495 etiam

45 2511 48 2564 ¹
120 2527 256 2604 proximo
275 2532 409 2603 tempore
428 2524 569 2586 inlustres
588 2524 753 2585 honoribus
771 2524 837 2605 viri,
858 2525 938 2584 cives
957 2541 991 2584 ac
1007 2526 1135 2584 maiores

45 2569 48 2686 l
82 2629 107 2669 15
122 2616 226 2695 nostri,
251 2613 398 2696 Siburius,
420 2612 584 2693 Eutropius
608 2621 697 2693 atque
718 2613 877 2691 Ausonius,
901 2612 1135 2692 commodarunt,

46 2705 48 2714 '
120 2701 248 2763 lectione
273 2710 424 2764 scrutatus
447 2721 523 2783 sum,
546 2702 599 2763 sed
622 2704 712 2763 etiam
730 2700 766 2761 ab
786 2699 954 2779 agrestibus
972 2706 1003 2760 et
1020 2699 1135 2778 plebeis

120 2791 252 2852 remedia
280 2792 405 2853 lortuita
427 2800 516 2871 atque
542 2790 696 2873 simplicia,
724 2803 799 2870 quae
827 2790 1039 2869 experimentis
1066 2806 1135 2869 pro·

46 2940 47 2943 ,
120 2879 270 2961 haveram,
289 2880 389 2941 didici.
420 2880 554 2951 Quorum
572 2880 657 2941 vobis
675 2881 791 2959 copiam
809 2878 909 2939 labore
923 2886 1026 2939 nostro
1040 2879 1134 2959 vigili·
1153 2895 1169 2943 3

47 2990 49 3036 ζ
121 2987 197 3048 aque
220 2969 394 3050 faciendam,
417 2969 470 3029 iilii
491 2968 664 3049 dulcissimi,
682 2987 737 3049 pro
756 2970 934 3030 necessitate
953 2969 1135 3029 infirmitatis

79 3072 106 3113 eo
120 3056 266 3119 humanae
290 3060 458 3137 piissimum
482 3057 565 3140 duxi,
596 3076 684 3118 orans
713 3060 844 3136 primum
867 3057 1135 3124 divinammiseri·

120 3146 266 3228 cordiam,
293 3165 332 3207 ne
359 3146 443 3207 vobis
471 3150 638 3227 vestrisque
662 3146 835 3226 experiendi
856 3146 946 3207 buius
969 3145 1061 3207 libelli
1083 3164 1135 3207 ne·

120 3237 244 3296 cessitas
276 3236 336 3297 ulla
367 3244 521 3316 nascatur,
551 3244 615 3297 tum
648 3238 674 3296 si
702 3254 760 3315 qua
788 3236 879 3297 fuerit
908 3235 1134 3315 prospiciendae

2 3346 7 3355 ·
115 3323 225 3385 salutis
249 3332 278 3385 et
302 3324 429 3385 tuendae
448 3324 625 3386 valetudinis
644 3342 742 3405 causa,
761 3324 951 3403 gratulemini
968 3342 1060 3403 super
1078 3324 1134 3385 bac

120 3430 154 3473 re
172 3411 267 3475 labori
286 3412 445 3493 studioque
464 3423 575 3494 nostro,
596 3414 676 3493 quod
694 3412 777 3473 vobis
792 3412 903 3492 absque
918 3412 1028 3473 medici
1042 3415 1135 3473 inter·

193 3616 226 3655 ex
240 3600 375 3672 magistro
388 3600 543 3657 officiorum
554 3602 697 3657 Piraeeo:
711 3617 745 3656 ex
755 3618 858 3669 magno
868 3600 960 3656 officio
972 3601 1133 3656 Goroortus.

173 3698 552 3753 fflnmnus,1o.Hrrnua11orr.
625 3706 628 3713 ·
958 3692 972 3741 1
