2609 4017
493 178 735 242 -107-

93 339 184 400 culae
203 358 265 399 non
284 338 432 400 audientis
450 339 603 419 inlundes3
621 338 679 400 hoc
698 341 862 402 remedium
884 343 972 402 etiam
987 341 1118 402 dolorem

92 429 248 499 emendat.
279 426 417 510 Herbam,
436 447 511 507 quae
531 427 641 489 Gallice
660 429 771 490 dicitur
789 429 962 511 blutthagio,
982 433 1172 493 nasciturraa

93 517 173 578 locis
201 518 325 597 umidis,
352 536 417 578 eam
439 527 521 578 teres
544 536 710 596 sucumque
734 521 811 599 eius,
841 522 957 580 etiamsi
983 520 1119 580 modicus

95 607 201 687 fuerit,
220 625 290 668 cum
309 606 425 668 modico
440 609 518 668 aceti
531 607 697 668 confundes
712 617 742 667 et
756 611 868 686 pariter
882 616 962 668 teres
977 607 1119 669 colatum·

63 713 158 774 sque
179 714 214 756 ac
233 696 413 775 tepefactum
432 695 555 757 auribus
573 695 740 756 instillabit.
774 696 892 758 Radicis
913 697 1050 775 Syriacae
1065 716 1113 758 su·
1121 708 1171 757 133

96 803 169 844 cum
192 787 225 844 in
248 803 359 865 aurem,
384 803 458 864 quac
481 786 584 845 auditu
609 785 722 846 difficili
746 787 812 866 erit,
836 785 968 867 infunde,
991 787 1119 865 gratula-

97 873 182 933 beris
204 873 380 934 remedium.

540 1068 621 1129 cti.
645 1067 680 1129 X.

138 1182 195 1236 Ad
219 1180 331 1236 omnia
353 1180 435 1236 vitia
456 1181 592 1236 narium
615 1182 651 1236 et
674 1181 719 1236 ad
740 1181 899 1250 pituitam
924 1182 1075 1238 remedia

121 1269 264 1340 physica
295 1274 331 1325 et
360 1269 573 1325 rationabilia
604 1269 739 1325 diversa
771 1271 814 1326 de
847 1270 1090 1340 experimentis

508 1358 707 1414 multorum.

187 1494 368 1574 Plerumque
387 1497 518 1573 erumpit
535 1496 646 1554 nimius
664 1494 817 1556 enaribus
832 1497 962 1575 sanguis,
982 1497 1117 1574 quicum
1137 1507 1151 1555 1

93 1585 285 1645 abundanter
304 1583 398 1663 duxit,
420 1586 478 1644 nisi
498 1584 625 1644 celerius
645 1586 857 1664 supprimatur,
880 1583 1047 1662 periculum
1067 1584 1116 1644 ad·

48 1691 78 1729 10
93 1675 163 1735 lert
206 1672 346 1734 Proderit
369 1691 440 1751 ergo
462 1691 539 1750 aqua
565 1670 670 1751 frigida
693 1672 739 1737 vel
761 1689 851 1750 posca
875 1672 1001 1732 subinde
1025 1682 1117 1732 totam

91 1764 204 1824 taciem
231 1781 285 1841 per
312 1762 457 1840 siongiam
480 1761 667 1840 refrigerare.
717 1762 841 1822 Acetum
867 1779 934 1822 acre
958 1761 1153 1821 infunderet

92 1854 126 1912 in
154 1869 258 1912 aurem
287 1850 422 1930 prodest,
450 1852 537 1912 cuius
563 1870 581 1910 e
608 1851 731 1928 regione
760 1853 879 1929 sanguis
903 1849 982 1930 fluit,
1012 1852 1117 1910 autin

94 1950 256 2018 utramque
291 1942 421 2020 mittere,
454 1941 481 1999 si
513 1957 549 1999 ex
578 1947 705 2018 utraque
733 1957 804 1999 nare
833 1937 970 2000 manabit.
1017 1937 1151 2018 Gypsoa

94 2037 190 2091 totam
209 2029 315 2089 iaciem
335 2047 404 2088 cum
423 2030 521 2088 ironte
539 2035 570 2088 et
588 2030 715 2088 maxime
735 2046 823 2088 nares
837 2029 968 2089 crassius
983 2027 1116 2088 oblinere

52 2133 81 2173 15
94 2118 223 2196 prodest
249 2127 280 2177 et
308 2126 398 2196 caput
424 2117 530 2194 frigida
559 2135 635 2196 aqua
658 2117 750 2177 multa
769 2117 957 2197 perfundere.
1004 2117 1152 2178 Circum-4

95 2208 190 2267 bitam
229 2200 348 2285 quoque
383 2205 588 2267 medicinalem
621 2207 760 2284 occipitio
793 2206 921 2284 adligare
954 2205 1116 2284 plurimum

95 2295 236 2374 prodest,
263 2297 375 2355 inicere
403 2303 502 2356 autem
529 2297 612 2354 intus
639 2297 671 2354 in
699 2312 800 2355 narem
826 2293 977 2374 oportebit
999 2293 1116 2355 cocleae

96 2386 180 2444 vivae
209 2402 330 2444 carnem
357 2402 412 2462 per
439 2402 471 2444 se
499 2393 551 2444 aut
574 2401 642 2444 eum
666 2385 743 2444 turis
765 2383 875 2463 polline
898 2385 1008 2444 tritam.
1045 2382 1151 2443 Ver-5

96 2473 206 2533 henam
229 2472 365 2554 herbam,
393 2491 482 2553 quae,
510 2473 579 2552 quia
603 2471 694 2533 multa
718 2480 817 2533 estet
840 2471 951 2551 ubique
974 2474 1116 2550 nascitur,

53 2577 82 2615 2⁰
96 2561 263 2642 polygonos
281 2561 455 2642 appellatur,
474 2564 567 2621 inseri
582 2561 706 2622 naribus
721 2562 851 2639 prodest.
888 2559 1032 2620 Similiter
1046 2560 1117 2620 facit

96 2661 127 2712 et
151 2651 341 2730 lysimachiae
364 2651 456 2711 herba
479 2653 550 2711 trita
573 2652 710 2728 inposita.
756 2649 867 2710 Eodem
893 2666 1003 2726 genere
1028 2648 1115 2727 prod·

96 2744 157 2801 erit
180 2750 211 2800 et
234 2739 365 2818 sfongiae
389 2739 564 2818 particulam
587 2749 772 2818 praesectam
800 2747 867 2817 apte
895 2737 998 2798 lorfice
1025 2746 1055 2798 et
1080 2737 1115 2796 ad

96 2828 324 2906 amplitudinem
343 2830 461 2889 narium
479 2829 636 2907 figuratam
650 2830 763 2888 inicere
778 2827 864 2905 paulo
879 2829 1013 2904 pressius
1032 2834 1115 2887 aceto

97 2918 240 2978 iniectam
259 2925 290 2978 et
309 2919 460 2979 interdum
484 2917 588 2977 eodem
611 2919 787 2996 inspersam.
833 2915 930 2976 Gallae
954 2926 984 2976 et
1007 2916 1151 2976 chalal-e

56 3019 85 3059 25
99 3007 171 3067 tidis
190 3006 287 3085 pulvis
306 3009 424 3067 curiose
443 3009 534 3066 tritus
552 3015 641 3084 atque
660 3008 691 3066 in
706 3025 799 3067 unum
814 3007 917 3084 aequis
932 3005 1115 3083 ponderibus

99 3098 211 3156 mixtus
234 3097 426 3174 insertusque
446 3094 568 3154 naribus
587 3096 698 3172 optime
718 3096 892 3174 sanguinem
911 3097 998 3156 sistit.
1034 3094 1115 3154 Bene
1135 3104 1150 3152 ‘t

99 3187 261 3263 supprimit
279 3194 309 3246 et
326 3185 383 3244 hoc
402 3184 649 3244 medicamentum
669 3188 840 3262 sanguinem
860 3184 896 3243 de
911 3183 1034 3243 naribus
1048 3201 1115 3262 pro·

99 3273 256 3334 liuentem:
280 3273 497 3351 heliconium,
516 3291 575 3351 quo
594 3273 714 3332 coriarii
733 3283 867 3353 utuntur⁷
886 3271 918 3331 P.
931 3269 953 3350 1,
977 3270 1115 3331 aluminis

99 3361 237 3442 Aegyptii
260 3361 290 3422 P.
305 3361 326 3442 l,
350 3360 516 3423 chalcitidis
539 3360 571 3421 P.
588 3361 610 3422 l.
656 3360 818 3439 Diligenter
842 3363 911 3420 trita
935 3359 1008 3419 haec
1032 3362 1115 3419 etin

171 3550 358 3606 thumidim
412 3550 569 3606 edifficile.
645 3556 678 3604 18
697 3547 840 3619 pollinem.
917 3553 952 3602 24
970 3547 1106 3604 colchidis

1158 3710 1269 3842 Γ
