2609 4017
538 202 779 269 -230-

152 367 279 429 nucibus
297 364 485 444 iuglandibus
504 368 637 445 purgatis
657 384 691 427 ac
709 366 796 427 melle
815 366 908 427 inlitis
927 368 958 427 in
977 365 1044 428 cibo
1065 366 1173 427 datum

154 458 268 536 epatioo
292 456 392 515 ieiuno
416 454 551 515 mirabile
577 463 630 516 est.

99 556 132 605 37
241 543 388 606 Procliani
411 543 519 604 medici
542 544 707 605 remedium
731 543 767 604 de
792 546 994 623 experimento
1013 545 1052 605 ad
1072 548 1172 624 epatis

153 634 382 714 suppurationes
397 639 426 692 et
437 632 538 692 ulcera
554 641 773 712 etapostemata
788 635 844 694 sic:
861 632 1005 713 Sagapeni
1015 636 1123 694 uncias
1133 634 1170 715 ll,

151 741 267 803 myrrae
292 720 497 801 troglodytidis
524 725 626 783 uncias
650 721 700 804 lll,
723 722 904 783 cardamomi
925 725 1029 783 uncias
1049 722 1096 805 Vl,
1120 736 1196 783 cas

151 813 244 873 storei
264 811 366 871 uncias
384 809 433 884 lll,
452 812 564 890 piperis
584 810 642 871 albi
661 813 764 871 uncias
784 811 857 872 duas
876 821 927 872 aut
945 814 971 872 si
990 811 1091 873 album
1106 830 1169 872 nou

151 900 250 981 luerit,
269 898 393 977 duplum
412 899 448 959 de
469 902 553 978 nigro
572 902 682 981 mittes,
701 902 761 980 opii
780 902 883 979 optimi
901 902 1005 961 uncias
1020 900 1057 961 ll.
1084 900 1168 961 Haec

151 991 249 1049 omnia
272 996 359 1050 tunsa
384 996 413 1049 et
437 988 565 1049 cribrata
587 1008 642 1068 per
663 989 800 1068 impubes
819 1007 929 1067 pueros
948 1008 1024 1069 aqua
1043 988 1168 1068 pluviali

149 1077 289 1139 miscebis
312 1085 342 1138 et
364 1078 455 1138 facies
478 1078 644 1139 trochiscos
668 1078 704 1139 de
729 1078 808 1138 binis
836 1078 998 1159 drachmis,
1027 1081 1081 1158 qui
1105 1088 1167 1139 tro·

150 1167 244 1229 chisci
271 1170 302 1227 in
329 1166 434 1227 umbra
458 1170 572 1227 nonin
596 1167 658 1228 sole
681 1170 846 1248 siccentur3
873 1170 944 1227 viris
970 1167 1016 1229 vel
1039 1170 1208 1228 seniori-1⁰

149 1256 206 1316 bus
230 1260 372 1334 integros,
394 1258 496 1334 pueris
520 1256 566 1316 vel
589 1255 757 1318 minoribus
776 1256 914 1317 dimidios
933 1256 1102 1317 trochiscos
1121 1259 1166 1317 in·

149 1344 231 1404 lusos
250 1346 281 1404 in
300 1362 375 1423 aqua
397 1343 490 1404 calida
508 1344 600 1426 dabis,
621 1346 650 1405 id
672 1353 796 1405 estnon
815 1344 995 1407 febricitanti
1015 1364 1085 1406 cum
1105 1348 1168 1406 vini

149 1436 260 1494 austeri
287 1434 363 1493 meri
392 1433 496 1513 cyatho
525 1452 598 1514 uno,
628 1434 746 1496 infirmo
774 1444 874 1495 autem
901 1453 938 1495 ex
966 1453 1040 1513 aqua
1070 1434 1167 1496 calida

150 1520 280 1603 dabitur3
304 1521 355 1582 sed
382 1521 490 1602 quibus
514 1522 694 1583 medendum
717 1525 783 1605 erit,
809 1523 883 1584 nihil
905 1526 1016 1602 pingue
1038 1523 1165 1584 mandu-

149 1619 230 1693 cent,
258 1630 318 1672 non
346 1610 458 1688 oleum,
487 1630 546 1673 non
575 1630 708 1694 carnem,
737 1612 788 1673 sed
818 1613 855 1673 de
883 1611 1040 1674 lenticulae
1069 1613 1167 1673 farina
1181 1625 1208 1665 15

148 1700 262 1779 pultem
290 1719 358 1763 oum
386 1700 529 1781 oxymelle
558 1708 673 1763 coctam
705 1700 835 1761 admixto
864 1701 970 1762 anetho
1004 1709 1034 1762 et
1062 1700 1165 1781 puleio

147 1791 328 1851 manducent
352 1797 382 1850 et
404 1809 533 1872 poscam,
556 1798 749 1869 posteaquam
769 1808 908 1852 excreare
928 1790 975 1851 vel
992 1792 1078 1851 sitire
1097 1810 1165 1851 coe-

148 1881 255 1959 perint,
278 1878 408 1958 tepidam
432 1882 578 1958 accipiant
601 1888 632 1939 et
656 1881 766 1940 sensim
789 1879 901 1940 bibant

94 1974 128 2022 3ss
238 1967 296 2037 Qui
319 1966 462 2043 palmulas
483 1967 614 2048 dactylos
638 1986 675 2029 ex
698 1976 781 2029 aceto
806 1969 979 2048 frequenter
1002 1970 1164 2031 manduca-

94 2064 127 2111 39
149 2057 235 2135 verit,
268 2056 409 2115 iocineris
441 2055 543 2117 dolore
572 2057 694 2119 carebit.
739 2057 782 2118 lle
810 2057 873 2137 lupi
899 2058 1022 2139 praeda,
1055 2059 1087 2120 id
1116 2067 1206 2120 estro

148 2143 183 2203 de
211 2142 346 2221 reliquiis
375 2146 507 2205 vervecis
535 2153 586 2206 aut
615 2164 721 2225 caprae
745 2157 797 2207 aut
819 2146 979 2208 cuiuslibet
1002 2150 1163 2210 animantis

148 2249 236 2310 quam
260 2231 423 2293 comederit
447 2252 567 2295 carnem
590 2234 636 2295 vel
658 2234 767 2314 pellem
787 2235 833 2296 vel
852 2254 885 2296 os
903 2235 1008 2315 collige
1027 2243 1058 2297 et
1076 2255 1165 2299 serva

147 2326 177 2380 et
200 2320 317 2399 quando
341 2320 448 2400 aliquis
466 2325 551 2385 iecur
569 2322 708 2407 doluerit,
726 2323 796 2385 inde
815 2342 884 2386 eum
903 2332 999 2407 tange,
1018 2328 1163 2388 continuo

147 2408 307 2471 sanabitur.
1299 2490 1300 2501 ἵ

93 2507 127 2557 40
235 2498 397 2579 Origanum
419 2502 451 2560 iu
474 2519 550 2580 aqua
574 2502 706 2581 decoque
726 2502 761 2563 ad
780 2506 885 2565 tertias
904 2513 934 2565 et
951 2512 1056 2583 postea
1074 2508 1161 2567 mitte
1175 2516 1205 2559 8⁵
1299 2502 1300 2537 ³

146 2588 241 2649 mellis
266 2589 344 2669 quod
369 2590 497 2651 sufficiat
521 2598 610 2671 atque
633 2594 743 2651 iterum
767 2591 901 2671 decoque
925 2593 1097 2673 diligenter,
1127 2603 1163 2655 ut
1299 2618 1300 2629 ¹

145 2677 263 2759 bulliat,
291 2687 321 2739 et
347 2678 416 2739 inde
446 2679 482 2739 da
510 2682 624 2757 epatico
650 2682 751 2742 ieiuno
776 2682 855 2761 quod
879 2684 950 2743 satis
973 2684 1013 2743 sit
1036 2682 1163 2743 adsidue

92 2774 126 2823 41
146 2765 321 2847 hibendum,
348 2766 432 2828 valde
459 2768 625 2831 subvenies.
667 2768 822 2830 Lacertam
845 2771 970 2832 viridem
992 2772 1107 2849 prende
1131 2781 1163 2833 et

146 2853 182 2913 de
210 2862 297 2915 acuta
324 2864 408 2935 parte
438 2875 548 2917 cannae
572 2860 657 2919 iecur
681 2860 709 2919 ei
732 2858 801 2919 tolle
825 2862 909 2920 etin
932 2860 1089 2938 phoenicio
1113 2860 1163 2921 vel

144 2960 242 3021 panno
271 2944 446 3004 naturaliter
474 2948 560 3025 nigro
589 2945 675 3026 alliga
702 2954 790 3026 atque
819 2946 855 3007 ad
886 2949 1020 3009 dextram
1043 2958 1161 3027 partem
1176 2962 1205 3002 ω

145 3028 246 3089 lateris
274 3038 325 3091 aut
352 3031 467 3095 brachii
490 3034 635 3096 laboranti
660 3038 774 3115 epatieo
799 3037 961 3118 suspende,
988 3038 1039 3098 sed
1062 3040 1163 3099 vivam

144 3118 284 3180 lacertam
308 3120 423 3182 dimitte
443 3129 473 3181 et
493 3119 584 3183 dicito
604 3127 643 3185 ei:
670 3124 745 3185 Ecce
766 3124 882 3185 dimitto
902 3135 931 3187 te
950 3128 1057 3206 vivam;
1081 3126 1163 3208 vide,

145 3216 179 3268 ut
202 3227 255 3288 ego
280 3228 487 3289 quemcunque
510 3211 580 3272 hinc
603 3215 729 3292 tetigero
754 3231 825 3291 epar
849 3232 909 3275 non
931 3214 1037 3276 doleat.

91 3306 126 3355 42
233 3298 277 3358 Ad
311 3299 450 3360 duritiam
479 3302 619 3362 iocineris
646 3301 835 3362 molliendam
863 3311 894 3364 et
921 3302 1083 3382 quamlibet
1110 3323 1162 3366 ve·

145 3394 240 3447 terem
264 3387 395 3450 dolorem
420 3389 583 3451 sedandum
606 3390 683 3451 hene
706 3391 777 3451 iacit
800 3391 916 3452 cunilae
936 3392 1045 3474 aridae,
1068 3406 1203 3472 quamue

145 3478 305 3537 satureiam
342 3478 460 3555 quidam
493 3486 616 3560 vocant,
649 3482 680 3538 in
713 3478 865 3558 pulverem
898 3480 1035 3541 redactae
1067 3482 1161 3542 deua-

144 3563 208 3621 rius
236 3582 314 3623 unus
343 3583 378 3624 ex
406 3565 495 3626 mulsi
523 3567 635 3645 cyathis
664 3566 793 3647 duobus,
827 3570 853 3627 si
880 3588 940 3629 non
967 3569 1160 3652 febricitabit,
