2609 4017
597 175 835 239 -370-

207 339 355 402 avellanae
383 337 616 417 magnitudinem
644 357 682 398 ex
710 337 827 399 duobus
856 338 970 418 cyathis
993 355 1087 416 aquae
1110 336 1219 398 calidae

209 429 302 508 dahis,
325 429 515 506 componitur
537 427 593 487 sic:
622 426 800 487 Petroselini
823 426 979 488 drachmas
1003 425 1043 505 ΙΙ,
1069 427 1220 486 centaurei

209 517 365 578 drachmas
387 515 427 596 11,
450 514 594 575 marruhii
621 514 792 576 drachmam
815 514 841 596 1,
870 516 979 577 scordii
1007 513 1177 575 drachmam
1199 512 1219 574 l.

208 605 330 667 Tundes
353 604 425 665 haec
449 611 480 664 et
502 603 648 664 cribrahis
672 612 703 664 et
726 606 757 664 in
776 603 929 683 pulverem
949 605 1160 664 tenuissimum
1176 621 1220 662 re·

208 694 293 755 dacta
321 694 495 771 despumato
524 691 609 753 melle
637 692 772 774 colliges,
804 701 838 753 ut
870 695 1001 772 spissum
1029 694 1069 754 sit
1098 691 1244 752 medica-e

210 791 353 862 mentum,
375 788 406 841 et
429 780 582 841 recondes.

158 885 190 935 ιτ
300 870 342 931 Ad
371 869 531 948 podagram
559 868 692 930 suhitum
720 878 751 930 et
773 870 858 931 facile
881 870 1047 931 remedium
1070 871 1130 930 sic:
1157 869 1220 928 Alu-

209 976 293 1039 meu,
326 965 458 1033 acetum,
491 956 595 1018 lotium
628 958 791 1019 humanum
823 966 907 1020 retus
939 960 1043 1037 aequis
1075 959 1221 1018 mensuris

210 1049 357 1126 permisce
385 1055 474 1126 atque
502 1046 576 1107 adde
605 1065 691 1107 cerae
714 1047 745 1108 P.
764 1047 790 1129 l,
818 1049 879 1126 opii
900 1080 946 1090 -
963 1046 990 1129 1,
1016 1046 1104 1107 lactis
1128 1048 1221 1107 canini

210 1137 329 1197 unciam
348 1134 370 1216 1,
393 1152 478 1195 rosae
502 1136 599 1196 siccae
623 1138 741 1196 unciam
759 1135 780 1196 1.
820 1135 928 1215 Opium
952 1144 981 1197 et
1004 1134 1049 1196 lac
1072 1143 1105 1195 et
1128 1152 1221 1195 rosam
1234 1149 1257 1188 ιο

210 1232 291 1285 teres
314 1226 346 1284 in
368 1224 524 1302 mortario,
547 1242 647 1284 ceram
670 1243 742 1285 vero
764 1224 938 1304 liquefacies
961 1232 991 1284 et
1014 1223 1106 1284 simul
1128 1225 1222 1284 omnia

210 1311 405 1392 permiscehis
438 1320 526 1391 atque
552 1312 622 1372 inde
650 1313 743 1391 pedes
770 1313 878 1374 inlines
906 1320 936 1373 et
963 1312 1031 1373 lolia
1059 1311 1150 1372 hetae
1176 1319 1223 1372 aut

210 1400 344 1461 lactucae
368 1400 497 1479 desuper
520 1400 662 1478 alligabis.

158 1501 191 1552 18
300 1488 343 1549 Ad
367 1489 514 1568 podagrae
538 1489 671 1550 subitum
691 1489 822 1550 dolorem
841 1489 1007 1550 remedium
1026 1491 1085 1550 sic:
1108 1488 1223 1550 Calcem

211 1578 308 1640 denuo
327 1595 439 1657 coques
459 1585 489 1638 et
507 1584 588 1639 teres
606 1578 776 1657 adiciesque
794 1597 937 1658 oesypum
957 1589 987 1639 et
1004 1596 1105 1639 rosam
1124 1579 1258 1638 tritanu

211 1674 241 1727 et
264 1666 301 1726 de
325 1668 479 1745 permixtis
502 1667 594 1744 pedes
616 1685 799 1747 perungues.

158 1767 191 1816 19
300 1754 414 1815 Phlomi
438 1757 540 1815 uncias
562 1764 633 1836 tres,
656 1758 780 1816 rumicis
798 1757 904 1817 uncias
921 1762 993 1836 tres,
1015 1754 1103 1815 ihisci
1122 1756 1226 1815 uncias

211 1851 282 1923 tres,
301 1842 471 1922 cyclaminis
491 1845 593 1904 uncias
612 1851 684 1922 tres,
702 1862 818 1924 myrrae
838 1853 943 1905 tunsae
961 1845 1079 1904 unciam
1095 1842 1118 1903 1.
1141 1842 1225 1902 Phlo

212 1949 293 1991 mom
320 1931 413 1992 moles
441 1940 472 1992 et
494 1931 589 2012 dices,
618 1932 758 2012 quamdiu
786 1932 892 1994 moles:
909 1932 1075 1993 ¹Summum
1100 1931 1225 2009 caelum,

211 2021 269 2079 ima
279 2026 369 2100 terra,
384 2020 512 2080 medium
527 2021 784 2082 medicamentum.
803 2021 915 2082 Deinde
930 2020 1129 2082 simulemuia
1141 2027 1225 2080 cocta
1236 2034 1257 2073 ιο

212 2105 322 2168 oolahis
346 2118 376 2167 et
400 2127 436 2167 ex
459 2108 506 2168 his
529 2109 620 2188 pedes
643 2128 713 2170 cum
736 2129 811 2189 opus
834 2111 924 2171 luerit
950 2108 1135 2188 perfricahis.

157 2209 193 2258 20
303 2195 347 2256 td
374 2195 533 2275 podagram
562 2198 727 2258 remedium
755 2199 792 2259 de
819 2201 1023 2279 experimento
1046 2200 1104 2258 sic:
1137 2197 1226 2276 Sper·

213 2285 337 2344 maticae
361 2284 515 2346 drachmas
543 2294 697 2366 quattuor,
724 2286 778 2347 lini
805 2289 928 2347 seminis
955 2286 1114 2347 drachmas
1143 2294 1226 2365 quat·

212 2382 295 2453 tuor,
323 2390 431 2434 erucae
460 2375 581 2435 seminis
610 2375 766 2436 drachmas
794 2383 947 2456 quattuor,
975 2375 1099 2435 schoeni
1121 2373 1226 2434 drach-

213 2479 275 2522 mas
294 2460 335 2543 ll,
364 2463 494 2522 castorei
516 2462 671 2524 drachmas
690 2463 729 2544 ll,
758 2482 874 2544 myrrae
898 2463 1053 2525 drachmas
1071 2462 1112 2542 ΙΙ,
1140 2461 1260 2524 nardiss

214 2552 312 2629 spicae
336 2549 491 2611 drachmas
511 2551 551 2633 ΙΙ,
579 2554 707 2631 gummis
730 2552 897 2631 Aethiopici
919 2551 1075 2612 drachmas
1093 2550 1134 2632 11,
1158 2551 1226 2611 salis

214 2638 369 2699 drachmas
396 2638 436 2720 11,
469 2641 581 2719 piperis
610 2639 691 2718 longi
718 2640 888 2701 drachmam
915 2658 1018 2722 uuam,
1050 2639 1227 2700 nucleorum

213 2729 370 2807 pineorum
389 2726 543 2788 drachmas
562 2727 636 2809 vui,
660 2732 807 2790 satureiae
826 2729 982 2791 drachmas
1000 2747 1115 2789 novem.
1147 2727 1226 2788 Haec

213 2817 311 2875 omnia
334 2822 421 2876 tunsa
445 2816 574 2877 cribrata
597 2825 627 2878 et
650 2819 681 2877 in
705 2817 858 2896 pulverem
876 2819 1086 2879 tenuissimum
1106 2817 1226 2877 redacta

213 2905 343 2981 tritaque
362 2905 392 2962 iu
412 2922 504 2964 unum
523 2905 718 2983 permiscehis
737 2915 821 2967 etex
840 2925 876 2966 eo
895 2905 1066 2967 drachmam
1084 2923 1177 2965 unam
1190 2904 1225 2965 ad
1237 2920 1260 2960 ac

213 2991 291 3051 diem
315 2991 414 3051 ieiuno
438 2994 469 3052 in
491 2996 611 3072 potione
636 3013 672 3054 ex
694 2996 756 3054 vini
779 2995 884 3074 cyatho
908 3002 1070 3074 temperata
1093 2993 1188 3054 dahis

159 3092 194 3142 21
304 3078 444 3140 Samhuoi
461 3080 540 3161 lolia,
559 3100 627 3142 oum
646 3084 775 3161 primum
794 3083 970 3163 procedunt,
988 3083 1025 3143 ad
1043 3081 1150 3143 lihram
1170 3080 1236 3159 col,

213 3167 287 3247 liges
311 3175 340 3228 et
364 3177 457 3248 teres,
485 3168 663 3248 plantaginis
686 3190 804 3251 quoque
827 3171 958 3231 radicem
981 3171 1017 3231 ad
1040 3170 1146 3231 libram
1170 3169 1227 3231 col-

214 3255 288 3334 liges
312 3264 342 3316 et
365 3257 531 3318 contundes
554 3265 585 3318 et
608 3262 752 3338 axungiae
775 3261 885 3320 veteris
907 3259 1014 3320 libram
1037 3258 1181 3338 purgabis
1199 3267 1227 3318 et

214 3345 378 3406 contundes
405 3353 435 3405 et
457 3353 560 3424 postea
578 3348 667 3408 simul
686 3351 785 3409 omnia
803 3347 923 3427 subigas
941 3355 1031 3427 atque
1049 3348 1120 3408 inde
1135 3348 1226 3426 pedes
1237 3360 1258 3400 π

213 3431 321 3492 inlines
345 3441 376 3493 et
394 3434 486 3495 caulis
506 3434 608 3495 lolium
628 3454 822 3515 superpones,
846 3436 1002 3498 confestim
1021 3454 1226 3516 praesensio

213 3518 345 3578 medium
369 3520 405 3580 ad
429 3521 588 3581 sedandam
611 3525 770 3603 podagram
794 3526 957 3605 experiere.
