2609 4017
596 213 633 226 -
683 132 837 242 ece-

207 341 282 399 clnis
305 337 472 400 levissimus
496 339 625 400 admixto
650 341 793 418 sanguine
816 337 929 399 bubulo
955 336 1095 397 subactus
1114 345 1143 397 et
1161 339 1216 396 im·
1286 386 1287 391 ,

207 429 331 506 positus.

171 527 189 576 8
296 515 449 576 Vettonica
473 534 540 578 cum
564 534 639 595 aqua
663 516 699 576 ad
722 518 827 576 tertias
851 515 972 576 decocta
995 532 1030 574 ac
1048 514 1132 592 potui
1148 513 1217 573 data

207 607 331 684 ipsaque
356 623 423 665 cum
443 604 595 665 decoxerit
612 606 684 664 trita
702 612 792 683 atque
811 604 944 683 adposita
961 603 1108 682 podagrae
1126 601 1217 680 pluri-

172 704 288 753 amum
317 693 462 753 medetur.
502 692 601 754 Herba
628 694 760 773 senecio,
789 711 864 771 quac
889 693 921 752 in
943 691 1052 770 tegulis
1075 693 1241 769 noscitans

207 800 275 841 cum
295 780 355 840 sale
374 783 444 842 trita
463 783 526 842 vice
545 781 728 859 malagmatis
745 783 882 860 imposita
901 780 1071 858 podagricis
1088 779 1215 858 prodest„

154 881 188 929 10
296 868 437 948 Malagma
465 873 705 948 potentissimum
733 869 769 929 ad
799 870 971 948 podagram,
999 868 1036 928 ad
1064 868 1218 946 fracturas,

207 957 243 1018 ad
271 965 417 1037 tumores,
444 958 481 1018 ad
509 957 727 1038 condylomata,
755 961 843 1018 ctiam
871 957 907 1017 ad
935 959 1054 1017 renium
1078 955 1218 1036 dolorem,

207 1049 232 1106 si
251 1044 310 1106 illic
329 1049 507 1127 imponatur,
531 1047 610 1126 quod
629 1047 695 1106 lieri
713 1054 832 1126 oportet
850 1045 1008 1126 speciebus
1028 1046 1106 1105 inira
1126 1046 1216 1122 scrip·

206 1136 245 1196 tis
269 1137 325 1196 sic:
349 1134 482 1214 Asphalti
505 1135 603 1214 pondo
627 1154 730 1215 unum,
756 1153 842 1195 cerae
861 1134 959 1213 pondo
977 1152 1081 1206 uuum,
1099 1135 1215 1194 resinae
1228 1150 1251 1188 ro

206 1223 369 1284 coloioniae
392 1223 490 1302 pondo
514 1241 615 1304 unum,
638 1225 716 1302 picis
738 1223 873 1284 Bruttiae
895 1222 993 1301 pondo
1012 1239 1116 1301 unum,
1141 1221 1216 1282 cbel-

206 1312 305 1372 citidis
327 1311 359 1371 P.
378 1311 404 1391 1,
428 1329 550 1390 spumae
574 1314 690 1391 argenti
712 1314 910 1391 semunciam,
933 1328 1073 1371 cerussae
1096 1327 1218 1371 sescun-

205 1403 290 1480 ciam,
313 1399 451 1460 aluminis
474 1401 596 1460 rotundi
616 1402 811 1480 sescunciam,
833 1399 971 1460 aluminis
990 1401 1078 1459 scissi
1096 1417 1217 1460 sescun-

205 1490 295 1568 ciam,
317 1489 427 1567 misyos
451 1491 649 1569 sescunciam,
673 1488 765 1568 gallae
788 1489 987 1568 sescunciam,
1010 1489 1072 1565 opii
1094 1489 1218 1548 seminis

205 1579 399 1656 sescunciam,
419 1580 596 1656 opopanacis
616 1579 811 1655 sescunciam,
830 1577 909 1637 aloes
923 1578 1119 1655 sescunciam,
1138 1593 1217 1654 myr-
1229 1591 1250 1631 rs

205 1683 255 1726 rae
280 1668 477 1746 sescunciam,
500 1668 577 1726 turis
601 1665 758 1726 masculini
781 1669 978 1744 sescunciam,
1001 1663 1113 1724 herbae
1138 1681 1217 1724 man·

204 1754 347 1833 dragorac
364 1785 402 1798 -
418 1754 430 1813 l
447 1753 476 1834 S,
490 1757 567 1815 aceti
581 1754 659 1832 quod
675 1754 811 1815 sulliciat.
834 1752 915 1825 Quae
930 1753 1080 1814 tundenda
1095 1753 1217 1830 luerint,

204 1842 313 1903 tundes
340 1850 370 1902 ct
398 1860 516 1922 cernes,
547 1861 622 1922 quae
645 1842 873 1922 liquefacienda‚
901 1841 937 1902 ad
962 1843 1060 1919 ignem
1084 1840 1217 1901 resolves

205 1940 235 1990 ot
253 1930 347 1991 colata
365 1933 396 1990 in
416 1949 508 1991 unum
526 1930 722 2010 permiscebis
740 1939 771 1991 et
789 1930 849 1991 leni
868 1948 975 2009 vapore
992 1931 1071 2008 ignis
1085 1931 1216 1990 tenuiter

204 2019 354 2097 decoquas
378 2027 407 2080 et
431 2027 513 2080 aceto
537 2018 678 2099 paulatim
702 2037 896 2099 consperges;
919 2018 1026 2079 deinde
1044 2018 1138 2078 iacies
1157 2026 1248 2078 tro-2⁰

205 2106 334 2185 chiscoS,
367 2108 419 2184 qui
447 2106 574 2168 babeant
602 2107 712 2186 singuli
735 2141 777 2150 -
800 2107 901 2188 binas,
928 2124 1017 2186 quos,
1044 2124 1114 2167 cum
1143 2125 1215 2166 usus

204 2196 344 2274 exegerit,
362 2193 423 2254 lani
444 2196 512 2274 igne
530 2195 661 2256 resolves
680 2203 711 2256 et
729 2198 772 2257 sic
790 2195 917 2276 pedibus
936 2195 1118 2272 malagmatis
1132 2213 1214 2255 more

204 2285 347 2360 impones.

152 2385 184 2434 11
293 2370 476 2432 Remedium
490 2381 737 2451 praesentaneum
760 2372 797 2433 ad
820 2372 979 2452 podagram
1003 2378 1033 2430 et
1053 2389 1213 2431 nervorum

204 2468 234 2520 et
260 2459 362 2520 lateris
389 2470 419 2520 et
442 2463 559 2522 renium
587 2468 617 2521 ct
639 2460 809 2522 lumborum
832 2460 950 2520 dolores
972 2468 1003 2520 et
1025 2459 1061 2519 ad
1086 2468 1247 2520 strumoso

204 2557 234 2610 et
253 2549 288 2609 ad
308 2548 457 2627 parotidas
476 2557 507 2610 et
525 2549 677 2628 paniculas
695 2551 753 2611 sic:
776 2549 928 2610 Pumloem
946 2549 1104 2628 marinum,
1127 2547 1212 2608 bacas

202 2636 291 2716 lauri,
321 2639 492 2716 aeruginem
522 2657 615 2717 aequo
643 2638 776 2716 pondere
800 2637 966 2697 contundes
989 2646 1019 2696 et
1041 2645 1124 2696 teres
1146 2655 1211 2697 cum

202 2726 305 2804 pipere
329 2734 359 2786 et
382 2725 451 2806 sale,
475 2734 617 2805 quantum
637 2728 803 2787 aestimaris
821 2743 909 2804 posse
928 2725 1081 2804 sufficere;
1104 2725 1211 2785 adicies

203 2824 233 2873 et
255 2815 330 2892 picis
353 2813 445 2874 durae
469 2822 498 2875 et
517 2814 576 2874 olei
595 2825 625 2874 et
643 2813 739 2875 mellis
757 2813 940 2892 aliquantum
960 2821 990 2874 ct
1008 2812 1098 2872 simul
1115 2816 1210 2874 omnia

202 2918 298 2979 usque
316 2901 352 2961 ad
372 2903 594 2980 spissitudinem
614 2903 764 2981 decoques
778 2910 808 2962 et
822 2901 916 2963 colata
930 2920 998 2963 cum
1012 2900 1077 2961 olco
1093 2900 1209 2980 Syriaco
1221 2919 1245 2958 so

203 2988 323 3068 subigas
346 2998 376 3048 et
398 3007 453 3069 pro
478 2990 658 3071 malagmate,
681 3008 750 3052 cum
774 3008 849 3068 opus
872 2991 972 3071 luerit,
994 2991 1098 3050 uteris.

149 3091 182 3139 12
291 3077 471 3156 Compositio
490 3078 688 3140 Mithridation
707 3080 742 3139 ad
761 3078 921 3158 podagram
940 3086 970 3139 et
988 3095 1147 3138 nervorum
1161 3078 1208 3138 do·

202 3165 280 3226 lores
304 3174 334 3226 et
357 3169 575 3227 contractiones
599 3170 656 3228 sic:
685 3167 776 3228 Cerae
800 3168 917 3227 unciam
940 3184 1044 3246 uuam,
1066 3166 1208 3226 medullae

202 3257 337 3316 cervinae
360 3253 529 3316 drachmam
553 3254 575 3335 1,
598 3256 694 3335 adipis
712 3257 831 3316 ursinae
850 3254 1020 3316 drachmam
1038 3253 1061 3334 l,
1084 3256 1208 3315 cinnami

203 3527 226 3578 O
292 3464 323 3542 ¹⁹.
343 3459 400 3512 leni
418 3461 531 3528 scripsi:
554 3460 611 3514 levi
632 3460 792 3516 Oornntn'ue.
892 3466 926 3515 22
945 3460 1004 3515 leni
1020 3461 1133 3529 embol.-
1154 3461 1206 3514 levi

225 3543 362 3582 ernanus.
