2609 4017
479 166 719 232 -255-

178 330 288 392 Multos
312 349 380 391 oum
404 330 597 391 admiratione
622 330 746 391 effectus
765 330 930 390 audivimus
949 341 1104 392 narrantes
1123 344 1139 393 9

82 419 213 481 Casilini
230 421 313 479 nasci
327 421 357 479 in
377 418 543 497 lapidicinis
560 418 701 478 bestiolas
715 418 911 479 adhaerentes
925 421 1004 479 saris
1019 423 1104 498 quasi

82 507 273 587 verruculas,
291 507 344 567 bas
364 508 445 568 datas
465 509 551 568 tritas
571 526 606 567 ex
627 525 720 586 aquae
740 507 854 587 cyathis
873 507 971 568 tribus
990 508 1102 569 findere

83 606 116 657 et
139 615 197 675 per
221 598 338 657 urinam
362 596 517 656 extrahere
541 595 654 674 lapides
677 596 714 655 de
737 598 858 656 vessica.

53 704 66 745 a
178 686 224 746 Ad
244 684 408 745 calculosos
427 684 591 745 remedium
612 684 684 745 utile
703 687 760 745 sic:
783 683 958 745 Cucumeris
972 688 1103 766 seminis,
1123 697 1155 747 10

82 774 184 854 dauci,
210 776 300 853 anesi,
324 774 392 852 apii,
414 773 591 853 petrosilini,
614 791 740 852 myrrae,
760 773 943 851 singulorum
964 775 1102 835 denarios

83 872 206 943 ternos,
230 864 325 926 casiae
350 861 543 943 daphnitidis,
566 864 704 943 cinnami,
727 862 822 943 nardi,
844 861 1031 939 singulorum
1053 864 1103 924 de·

82 954 189 1012 narios
214 950 355 1030 singulos.
394 950 475 1011 Trita
499 949 571 1010 baec
596 952 694 1009 omnia
716 968 793 1028 aqua
816 949 1005 1031 colliguntur,
1028 952 1104 1014 lirant

83 1040 200 1119 pastilli
223 1039 318 1119 lupini
341 1038 552 1118 magnitudine,
577 1039 685 1099 dantur
704 1040 804 1098 ieiuno
823 1057 858 1098 er
878 1057 971 1117 aquae
990 1041 1103 1119 cyathis

41 1148 68 1187 ro
84 1122 185 1189 t'ernis
209 1146 264 1207 per
287 1127 350 1189 dies
369 1126 428 1189 XL.
462 1126 525 1187 Hoc
545 1127 794 1188 medicamentum
812 1127 951 1187 tunditur
969 1128 1014 1189 vel
1033 1148 1102 1189 con·

83 1220 213 1296 ponitur
241 1218 272 1275 in
296 1216 353 1296 pila
376 1216 473 1295 lignea
497 1223 526 1276 et
550 1216 608 1294 pilo
631 1215 744 1296 ligneo,
773 1218 823 1293 qui
852 1218 1008 1277 contundit
1031 1235 1102 1279 ann·

82 1306 151 1367 lum
170 1307 301 1366 ferreum
321 1322 381 1364 non
399 1304 520 1385 habeat3
539 1303 614 1364 hano
634 1305 713 1364 enim
733 1307 976 1383 superstitionem
995 1305 1104 1367 adiecit

84 1394 266 1455 Ambrosius
294 1393 427 1454 modicus
450 1392 645 1472 Puteolanus,
674 1395 726 1471 qui
751 1392 916 1454 adfirmavit
938 1394 1047 1455 multos
1071 1414 1103 1456 se

84 1483 146 1543 boo
167 1482 382 1543 medicamento
403 1500 531 1541 sanasse.
559 1480 722 1541 Detrahere
741 1491 839 1541 autem
855 1481 928 1541 dixit
942 1491 1010 1560 post
1025 1483 1103 1543 diem

44 1590 70 1630 rs
86 1573 251 1650 septimum
276 1572 419 1649 fragmina
443 1570 586 1649 quaedam
611 1569 741 1648 lapidum
765 1571 850 1647 quasi
872 1568 1021 1629 harenam.

180 1660 224 1719 Ad
239 1658 411 1738 calculosos,
429 1658 568 1731 lienosos,
585 1657 764 1738 hydropicos
778 1657 1027 1718 medicamentum
1042 1659 1103 1719 effi·
1123 1673 1155 1720 11

85 1767 152 1829 cax,
172 1748 252 1826 quod
272 1756 301 1808 et
320 1750 435 1808 urinam
455 1747 585 1807 detrahit
603 1755 633 1806 et
651 1746 765 1824 lapides
781 1748 812 1805 in
827 1747 939 1806 vessica
954 1755 1103 1827 extenuat,

86 1838 249 1899 conficitur
272 1839 327 1897 sicr
351 1835 474 1915 Eryngi,
498 1835 644 1915 pyrethri,
668 1834 826 1913 saliuncae,
850 1835 1022 1915 saxifragae,
1045 1838 1104 1896 sin·

86 1924 229 2004 gaiorum
253 1924 391 1985 denarios
414 1924 521 2003 denos,
544 1923 628 2004 polii,
651 1923 726 2004 lolii,
750 1922 951 2005 aristolociae,
975 1924 1104 2002 singulo·

46 2033 72 2072 so
86 2033 158 2075 rum
188 2013 214 2073 ll
242 2016 362 2095 quinos,
393 2014 609 2093 oxymyrsines,
640 2030 715 2091 quae
744 2030 832 2091 scopa
862 2014 943 2091 regia
973 2020 1103 2094 vocatur,

87 2104 156 2164 suci
180 2103 336 2163 heminam.
369 2101 448 2162 Haec
467 2104 564 2161 omnia
585 2108 707 2161 contusa
727 2111 757 2162 ct
775 2099 903 2161 cribrata
924 2100 1104 2180 colliguntur

87 2210 126 2251 ex
151 2209 236 2270 aqua,
259 2192 334 2251 fiunt
356 2189 466 2269 pastilli
490 2189 674 2267 singulorum
698 2190 897 2269 denariorum,
921 2190 1029 2251 dantur
1051 2190 1102 2251 lie·

87 2281 174 2340 nosis
197 2298 233 2339 ex
257 2288 340 2339 aceto
365 2288 394 2339 et
415 2278 510 2339 mellis
530 2278 641 2357 cyathis
661 2278 767 2358 tribus,
786 2278 942 2339 calculosis
961 2297 997 2339 ex
1016 2298 1103 2358 passo

87 2371 192 2448 mixto,
217 2374 360 2447 quantum
384 2385 489 2428 manus
513 2369 600 2447 capit,
623 2375 675 2427 aut
697 2375 774 2427 testa
794 2366 944 2427 auriculae
963 2370 1103 2428 marinae.

46 2476 71 2517 aa
88 2456 177 2527 Quod
201 2456 449 2517 medicamentum
473 2456 560 2515 datur
583 2473 637 2533 per
661 2455 725 2515 dies
743 2454 826 2528 XLV,
850 2457 936 2515 ouius
957 2454 1102 2516 beneficio

87 2549 119 2606 in
149 2544 290 2605 harenam
318 2545 473 2605 solvuntur
488 2543 614 2623 vlapides
641 2545 673 2601 in
703 2544 817 2603 vessica
843 2544 968 2622 reperti,
995 2542 1102 2620 hydro·

88 2635 166 2714 picis
189 2642 287 2695 autem
312 2652 348 2693 ex
371 2632 460 2694 mulsi
484 2634 569 2692 mixti
591 2629 705 2711 cyathis
727 2630 824 2691 tribus
848 2630 977 2690 dandum
1001 2639 1056 2690 est,

180 2721 289 2782 Contra
308 2720 454 2782 calculum
473 2728 503 2781 et
522 2720 592 2780 alias
610 2719 801 2780 difficultates
815 2720 946 2779 vessicae
961 2717 1102 2799 lapillum,
1122 2730 1155 2778 12

90 2813 143 2890 qui
166 2813 197 2870 in
221 2810 374 2889 gallinacei
398 2811 511 2869 vessica
534 2816 585 2869 aut
606 2810 638 2869 in
658 2807 789 2886 palumbi
807 2806 972 2867 ventriculo
991 2809 1103 2867 inveni·

48 2922 74 2960 ao
89 2908 156 2979 tur,
183 2902 299 2960 conteri
327 2906 357 2959 ot
384 2900 501 2977 aspergi
526 2899 641 2976 potioni
663 2897 793 2975 prodest.
834 2895 908 2956 Item
931 2896 1103 2957 membrana

89 2988 250 3049 ventriculi
269 2990 332 3048 eius
352 2989 430 3062 trita,
449 2987 537 3047 limus
556 3004 676 3065 quoque
695 2984 882 3046 columbinus
897 2987 927 3044 in
943 2985 1008 3046 laba
1023 3004 1102 3047 sum·

90 3086 173 3157 ptus,
202 3078 273 3137 item
301 3075 417 3155 glebula
445 3075 481 3136 de
513 3074 581 3134 nido
612 3073 808 3135 hirundinum
840 3073 932 3135 diluta
960 3093 997 3134 ex
1027 3093 1102 3153 aqua

91 3165 185 3226 calida
207 3173 276 3243 pota
300 3164 430 3243 prodest.

180 3324 206 3381 2,
222 3316 337 3373 Casilini
373 3322 525 3386 suspectum
549 3317 598 3371 hoo
624 3332 734 3382 manea,
757 3316 836 3370 caino
862 3316 919 3370 loco
941 3312 1104 3367 Scribonius

88 3394 212 3459 praestat
232 3387 293 3455 Caii
310 3318 372 3441 Iuli.
462 3394 478 3441 o
498 3385 684 3456 denariorum,
703 3388 767 3441 item
786 3391 814 3467 ⁷:
896 3389 928 3439 18
947 3382 1103 3452 sexifrigee.

94 3466 126 3515 19
149 3460 333 3515 denariorum.
425 3463 460 3512 26
482 3460 594 3513 harene.
689 3456 839 3527 ydropicus.
930 3460 963 3508 at
988 3454 1031 3508 est
1052 3469 1102 3509 om.

92 3538 125 3586 32
143 3532 227 3587 idem.
300 3530 495 3585 herundinum.
