2609 4017
580 186 819 250 ..290-

139 360 193 411 130
283 347 453 427 Serpullum
475 346 512 408 ad
535 348 652 426 pondus
675 349 824 408 victoriati
846 349 980 426 argentei
1001 347 1108 407 tritum
1128 345 1207 407 bene

194 435 303 497 valenti
326 455 361 496 ex
385 438 467 517 vino,
492 435 689 497 febriculento
712 454 747 496 ex
772 454 847 515 aqua
868 438 954 515 potui
976 434 1079 496 datum
1101 453 1209 495 omnes

194 526 307 586 ventris
331 523 448 584 dolores
473 524 566 585 sedat.
1294 593 1295 606 ,

139 628 190 678 131
281 612 451 673 Humanum
469 611 573 672 lotium
592 619 678 673 vetus
696 613 811 673 adiecto
830 613 912 672 croci
929 611 1056 691 modico,
1078 618 1114 671 ut
1132 610 1211 671 odor
1294 617 1295 628 ³

194 703 259 761 eius
286 699 467 780 occultetur,
494 702 643 778 ignoranti
670 702 756 777 potui
777 700 880 760 datum
903 698 1066 779 quamlibet
1088 707 1236 761 veteress

193 792 225 848 in
251 786 416 848 visceribus
444 787 570 848 latentes
598 787 720 849 morbos
751 787 883 868 sanabit3
913 790 1028 848 vomitu
1054 789 1135 847 enim
1164 789 1211 847 iu·

192 878 282 937 ritato
311 883 341 935 et
364 876 560 937 electionibus
584 878 741 937 concitatis
763 895 850 937 omne
873 877 978 937 vitium
1000 874 1135 936 valenter
1159 894 1210 935 ex·

193 970 309 1043 purgat.

140 1067 191 1117 132
282 1051 320 1112 Ut
343 1051 491 1130 explorari
513 1054 615 1133 possit,
639 1070 676 1112 ex
699 1050 860 1113 latentibus
882 1051 995 1112 morbis
1018 1054 1072 1131 qui
1091 1053 1129 1111 sit
1148 1050 1212 1130 ille,

193 1142 246 1220 qui
268 1148 354 1201 vexat
376 1140 536 1221 infirmum,
559 1139 822 1219 conprehendique
845 1139 970 1219 qualitas
993 1142 1060 1201 vitii
1084 1147 1115 1200 et
1136 1157 1212 1219 pars
1226 1161 1251 1199 ro

193 1232 340 1289 viscerum
368 1231 476 1307 possit,
505 1227 620 1289 catulus
646 1228 724 1289 letae
746 1231 828 1289 oanis
851 1227 964 1289 lactens
987 1228 1036 1288 die
1060 1246 1095 1288 se
1117 1235 1212 1288 nocte

193 1335 262 1377 cum
289 1334 324 1376 eo
352 1318 404 1395 qui
430 1315 543 1377 laborat
571 1315 739 1397 accumbat3
768 1319 796 1377 is
824 1324 929 1395 postea
957 1324 1058 1377 sectus
1085 1317 1211 1401 inspici-

192 1411 243 1464 tur
270 1403 491 1482 translatusque
517 1406 549 1464 in
572 1423 608 1465 eo
631 1403 754 1465 morbus
776 1404 854 1466 baud
878 1404 999 1465 diliioile
1021 1410 1144 1464 notatur
1167 1406 1211 1463 ita

192 1499 306 1572 umen,
334 1499 368 1552 ut
395 1510 483 1570 aeger
510 1495 539 1553 ei
565 1491 611 1553 lac
639 1492 676 1553 de
699 1511 753 1554 suc
781 1511 833 1553 oro
858 1493 1031 1572 frequenter
1054 1492 1212 1571 inlaudat3

192 1599 261 1641 eum
288 1588 388 1642 tamen
411 1580 555 1661 catulum,
582 1599 650 1641 cum
679 1581 770 1642 luerit
792 1589 944 1662 exsectus,
971 1580 1059 1641 obrui
1087 1588 1210 1658 oportet
1226 1600 1251 1639 1⁵
1295 1603 1296 1662 t

192 1688 248 1729 uec
272 1668 308 1729 ab
331 1686 365 1729 re
388 1676 447 1748 est,
478 1670 504 1729 si
530 1669 631 1729 triduo
657 1669 737 1729 idem
760 1670 877 1730 catulus
899 1671 1002 1730 vivens
1024 1687 1094 1729 cum
1116 1686 1212 1747 aegro

192 1763 323 1837 maneat3
349 1758 454 1817 vitium
479 1758 559 1817 enim
586 1759 669 1835 aegri
695 1758 824 1817 transire
851 1759 883 1817 iu
911 1776 979 1818 eum
1006 1774 1103 1835 usque
1132 1757 1213 1817 adeo

192 1852 308 1905 certum
328 1853 383 1925 est,
405 1853 439 1905 ut
458 1846 601 1908 moriatur
620 1845 736 1906 catulus
754 1845 965 1925 hominemque
982 1844 1096 1906 morbis
1113 1843 1211 1906 laten·

195 1931 275 1993 tibus
298 1931 419 1993 relevet.

103 2064 107 2072 -
141 2033 191 2082 133
281 2019 326 2079 Ad
350 2020 545 2098 dysintericos
568 2020 727 2081 solitaneos
750 2020 880 2082 cocleam
902 2021 1020 2099 plenam
1040 2039 1110 2081 cum
1126 2029 1209 2081 testa
1227 2040 1252 2079 so
1295 2011 1296 2020 ’

193 2125 246 2167 sua
265 2109 359 2166 vivam
379 2115 467 2185 teres,
486 2108 521 2167 ad
541 2110 627 2169 cuius
648 2109 766 2187 pondus
784 2109 861 2170 iutra
880 2111 990 2188 scripta
1009 2110 1081 2170 trita
1098 2109 1208 2169 misee-

193 2193 253 2275 bis,
280 2193 310 2253 id
340 2202 386 2254 est
414 2197 494 2255 casei
521 2199 630 2256 veteris
659 2205 802 2275 quantum
830 2205 877 2258 est
901 2197 1018 2258 cocleae
1041 2196 1210 2275 dimidium,

193 2285 241 2343 ori
263 2281 420 2342 medullam
444 2284 475 2342 in
499 2289 582 2343 aceto
606 2293 730 2365 coctam,
752 2303 858 2365 panem
877 2285 1035 2346 candidum
1055 2291 1210 2346 vetustum

193 2370 239 2431 vel
262 2378 374 2431 tostum
397 2370 456 2452 vel,
479 2371 557 2449 quod
582 2380 628 2432 est
650 2373 771 2453 melius,
793 2375 961 2452 nauticum,
983 2383 1096 2454 rutam,
1117 2374 1209 2450 piper

194 2477 230 2519 ex
253 2461 335 2539 viu0;
358 2459 437 2538 quod
461 2477 529 2520 oum
552 2461 637 2538 prius
658 2460 738 2521 ferro
757 2461 896 2522 candenti
915 2461 1095 2542 calefeceris,
1117 2462 1207 2538 potui
1223 2480 1251 2519 ss
1296 2497 1297 2528 t

195 2550 259 2608 sine
283 2566 358 2627 aqua
381 2545 573 2629 ministrabis,
597 2548 648 2609 sed
669 2557 700 2610 et
717 2549 805 2611 bacas
824 2558 953 2629 myrteas
972 2549 1091 2609 adicies.
1124 2547 1207 2609 llaec

196 2638 293 2697 omnia
317 2642 454 2696 conteres
478 2643 508 2695 et
530 2637 561 2696 iu
585 2638 707 2715 potione
729 2640 790 2698 vini
813 2640 922 2699 veteris
944 2639 1043 2698 ieiuno
1068 2636 1161 2697 dabis.

142 2736 194 2784 134
282 2723 325 2783 Ad
345 2741 406 2803 eos,
429 2726 481 2802 qui
500 2726 673 2801 sanguinem
692 2744 747 2804 per
764 2727 940 2787 intestinum
957 2728 1068 2786 iactant
1084 2724 1132 2786 uel
1150 2742 1207 2803 per

194 2819 367 2890 corruptum
391 2829 499 2891 corpus
522 2812 647 2873 iuferius
672 2813 837 2893 effimduut,
859 2813 1024 2874 remedium
1047 2814 1105 2873 sie:
1129 2811 1206 2873 ller-

192 2895 247 2956 bae
270 2900 384 2957 urticae
408 2899 555 2960 masculae
579 2903 764 2962 summitates
786 2909 905 2962 teneras
928 2901 1049 2979 colliges
1075 2910 1107 2961 et
1129 2918 1201 2960 eou-
1219 2920 1249 2960 so

193 2983 301 3044 tundes
329 3002 493 3065 sucumque
522 2990 587 3049 eius
615 3007 790 3068 expressum
816 3007 871 3067 per
898 2988 1031 3050 triduum
1054 2990 1206 3049 ministra·

192 3071 239 3132 bis
254 3071 430 3154 bibendum;
445 3076 470 3134 si
485 3083 583 3136 autem
598 3095 667 3137 cum
681 3096 757 3157 aqua
771 3077 879 3154 frigida
893 3085 944 3138 aut
958 3084 1041 3138 aceto
1057 3078 1206 3137 acerrimo

192 3168 244 3222 aut
266 3178 356 3241 posca
379 3161 485 3240 frigida
509 3163 539 3223 id
563 3166 610 3225 ius
633 3167 759 3225 mixtum
782 3164 913 3244 dederis,
943 3166 1076 3244 wamiis
1099 3164 1206 3245 despe-

193 3256 274 3310 ratos
297 3249 334 3309 de
357 3267 448 3328 supra
471 3252 582 3329 scripta
604 3254 774 3315 infirmitate
797 3255 934 3331 protinus
956 3251 1107 3314 liberabis.

282 3454 406 3531 tputni.
466 3461 500 3509 16
520 3454 556 3509 ab
574 3455 617 3536 τᾳ]
636 3456 747 3511 habere.
808 3462 843 3511 20
861 3456 1004 3512 solitarios.
1060 3462 1095 3512 tt
1113 3458 1205 3515 vetus

193 3524 227 3571 23
246 3522 397 3575 canditum.
469 3528 504 3577 25
522 3540 556 3578 ex
573 3540 639 3579 vino
657 3540 708 3581 om.
