2609 4017
482 189 773 315 --109-1

86 352 224 430 largiore
243 359 352 431 potata,
376 353 472 430 capite
491 360 522 412 et
539 351 662 412 naribus
685 369 741 413 nec
764 354 865 413 minus
884 371 935 413 ore
955 352 1112 432 diligenter

85 448 214 520 operto;
242 458 298 500 nec
326 458 387 500 non
410 441 572 501 fomentum
601 459 637 501 ex
662 459 755 520 aquae
784 441 894 502 calidae
924 459 1031 520 vapore
1059 460 1113 520 per

87 547 241 608 spongeas
269 529 372 588 molles
400 529 541 590 adhibere
569 538 652 590 extra
680 529 843 612 oportebit,
870 530 996 591 subinde
1024 532 1112 590 etiam

88 619 281 696 gargarizare
304 617 349 678 lac
372 618 506 696 tepidum
533 627 584 680 aut
612 625 756 679 umorem·
775 622 888 680 tisanae
916 630 967 680 aut
997 637 1112 700 aquam,

58 710 123 767 sin
148 725 208 785 qua
231 707 364 767 furfures
388 707 514 785 siliginis
536 707 751 783 deferbuerint,
775 709 821 769 rel
844 727 951 787 aquam
971 727 1007 768 ex
1026 708 1111 769 faeno

88 814 203 874 graeco
218 796 379 856 decoctam.
409 795 647 856 Sorbitinnculae
663 815 782 876 quoque
795 805 931 878 prosunt,
946 816 1021 876 quae
1036 798 1113 858 liunt
1133 813 1166 862 1ss

90 903 129 944 ex
155 885 254 944 amulo
279 884 324 944 vel
348 886 441 945 tisana
465 885 510 946 vel
533 882 628 964 oryza.
674 886 718 946 Ad
743 885 841 946 ulcera
866 889 897 946 in
921 885 1043 946 naribus
1068 905 1112 946 se·
1133 901 1165 950 19

90 973 191 1034 danda
210 973 325 1053 plumbi
343 982 469 1056 stercus,
489 974 568 1052 quod
588 977 704 1035 scorian
725 974 836 1056 dicunt,
856 993 892 1035 ex
911 977 979 1035 vino
998 983 1112 1054 myrteo

90 1062 160 1123 oleo
179 1061 295 1122 vicibus
314 1062 429 1123 adiecto
447 1065 506 1124 teri
524 1072 651 1144 oportet,
675 1063 769 1124 donec
793 1065 922 1143 spissum
941 1064 1000 1144 fiat,
1024 1066 1112 1124 etita

47 1174 75 1213 ro
89 1151 219 1212 naribus
239 1151 421 1212 infundatur.
451 1151 535 1213 Facit
549 1160 579 1212 et
593 1152 649 1212 hoc
664 1153 910 1213 medicamentum
927 1152 1001 1212 bene
1016 1154 1113 1230 gravi·
1133 1169 1166 1218 2ο

90 1241 159 1301 dini
178 1244 310 1300 narium:
328 1239 536 1320 Pompholygis
550 1240 577 1301 Χ
591 1241 630 1300 ΙΙΙ
645 1243 713 1300 vino
728 1241 852 1302 falerno
872 1253 902 1302 ct
916 1259 982 1301 rosa
997 1240 1112 1301 vicibus

90 1330 211 1390 adiecta
235 1338 383 1409 teruntur,
406 1329 501 1390 donec
525 1330 774 1391 medicamentum
798 1330 894 1390 mellis
915 1329 1022 1391 habeat
1039 1339 1112 1391 tem·

90 1420 291 1498 perationem,
311 1420 400 1478 etita
419 1418 542 1479 naribus
560 1419 700 1497 paulatim
719 1420 896 1480 infunditur.
931 1419 975 1479 Ad
994 1437 1113 1498 gravem
1133 1433 1167 1484 21

91 1507 219 1568 odorem
238 1509 363 1588 narium,
382 1526 521 1568 ozaenam
536 1507 641 1568 Graeci
658 1507 714 1568 hoo
734 1511 837 1569 vitium
857 1516 971 1588 vocant,
991 1508 1113 1587 prodest

50 1616 77 1656 15
93 1597 218 1676 egregie
246 1595 303 1656 hoc
326 1597 589 1657 medicamentum:
621 1598 778 1676 lanuginis
803 1597 834 1656 P.
857 1596 870 1655 Ι
898 1604 950 1656 aut
973 1615 1113 1676 squamae

90 1684 520 1745 aerisP.linmollisP.1
548 1688 636 1764 coqui
665 1684 815 1764 oportebit
842 1693 873 1745 et
899 1703 935 1744 eo
966 1687 1011 1744 uti
1038 1684 1114 1744 adsi·

92 1775 155 1834 dua
179 1774 337 1834 infusione.
374 1774 418 1834 Ad
442 1774 564 1853 polypos
588 1773 736 1834 sanandos
755 1776 830 1852 misy
850 1783 959 1853 ustum,
983 1773 1113 1833 chalciti-
1132 1789 1166 1838 22

92 1863 164 1923 dem
188 1871 300 1942 ustam,
329 1881 379 1923 aes
403 1874 517 1943 ustum,
540 1865 618 1923 aeris
641 1881 807 1942 squamam,
831 1861 954 1942 paribus
978 1862 1113 1942 ponderi·

92 1952 153 2012 bus
177 1954 287 2012 siccata
310 1951 384 2012 baec
408 1951 483 2012 benc
506 1960 586 2012 teres
611 1960 641 2012 et
664 1971 699 2011 co
723 1951 845 2031 pulvere
867 1954 962 2012 uteris
982 1951 1113 2012 adsidue.

51 2040 173 2110 coQuia
202 2059 272 2100 vero
295 2040 472 2119 plerumque
500 2049 646 2102 vexantur
673 2059 761 2101 nares
784 2042 950 2122 gravidine,
978 2059 1053 2121 quae
1078 2059 1113 2100 cx
1133 2057 1166 2104 23

94 2147 202 2190 umore
227 2148 330 2189 earum
353 2130 492 2209 efficitur,
515 2147 575 2190 non
598 2130 727 2190 alienum
748 2139 793 2191 cst
813 2133 890 2191 scire
910 2134 974 2191 cius
995 2147 1112 2208 quoque

93 2221 141 2279 rei
165 2218 307 2279 remedia.
353 2218 477 2278 Prodest
500 2220 592 2297 igitur
615 2221 701 2297 quies
724 2221 814 2280 unius
837 2220 896 2280 diei
920 2228 950 2280 et
973 2217 1009 2279 ab
1033 2219 1115 2278 omni

94 2326 130 2367 re
149 2300 340 2386 abstinentia,
359 2307 589 2385 perunguendae
608 2307 802 2368 nibilominus
821 2327 909 2368 nares
927 2315 1017 2369 erunt
1036 2306 1113 2366 hitu-

95 2399 177 2456 mine
205 2396 318 2476 liquido
348 2404 400 2456 aut
425 2414 527 2456 murra
555 2405 649 2457 stacta
677 2397 722 2457 vel
746 2400 812 2476 pice
840 2397 965 2476 liquida,
993 2405 1113 2476 postero

54 2505 82 2544 25
96 2494 197 2546 autem
221 2485 269 2545 die
294 2484 429 2563 pastillus
452 2485 529 2545 infra
553 2487 684 2564 scriptus
706 2489 738 2546 in
761 2494 880 2546 noctem
904 2503 995 2564 super
1013 2485 1114 2545 cibum

95 2574 213 2634 dandus
232 2576 291 2634 erit
308 2586 337 2633 et
353 2576 379 2633 si
393 2591 469 2651 opus
484 2574 583 2654 fuerit,
602 2574 804 2652 pertriduum
820 2575 994 2633 continuum
1010 2571 1113 2631 eodem

97 2672 233 2741 ternpore
262 2661 395 2742 dabitur,
425 2664 477 2741 qui
506 2665 613 2741 recipit
641 2663 728 2723 haec:
765 2663 832 2740 Apii
861 2663 983 2721 seminis
1006 2659 1031 2718 h
1051 2658 1114 2736 llll,

96 2754 174 2811 anisi
193 2751 219 2811 ΙΙ
238 2751 287 2832 llI,
311 2750 416 2811 alterci
434 2753 565 2832 seminis,
584 2751 663 2831 quod
683 2750 876 2830 hyoscyamos
896 2749 1014 2828 dicitur,
1034 2747 1060 2807 ΙΙ
1079 2746 1114 2825 ll,

96 2843 157 2920 opii
187 2841 344 2901 denarium
371 2840 535 2900 dimidium.
581 2839 672 2901 Fiunt
702 2847 800 2900 autem
834 2838 944 2918 pastilli
972 2838 1113 2916 ponderis

55 2947 83 2988 co
97 2931 247 2990 victoriati
270 2939 301 2988 et
323 2928 372 2988 alii
395 2931 484 2990 tertia
507 2937 591 3007 parte
618 2929 764 3010 detracta,
792 2929 900 2989 dantur
929 2946 996 2989 cum
1021 2944 1114 3005 aquae

98 3019 214 3098 cyathis
238 3017 343 3078 tribus.
389 3017 514 3078 Faciunt
537 3025 637 3078 autem
664 3026 694 3078 et
717 3018 753 3078 ad
777 3017 932 3078 oculorum
956 3017 1114 3096 epiphoras

98 3116 129 3168 et
152 3106 299 3168 stomachi
322 3125 461 3168 nauseam
485 3116 515 3166 el
538 3106 771 3168 deiectiunculas
796 3115 826 3167 ct
848 3107 885 3167 ad
904 3125 1021 3167 omnem
1041 3105 1113 3165 fluo-

98 3215 172 3257 rem.
211 3195 303 3256 Sistet
326 3197 499 3275 sanguinem
523 3213 626 3256 sevum
650 3214 685 3256 ex
705 3204 826 3257 omento
849 3197 967 3275 pecoris
992 3192 1113 3254 naribus
1132 3206 1167 3255 24

172 3349 291 3404 forins.
377 3350 523 3404 9ndieoto
542 3366 592 3404 om.
681 3355 713 3403 10
733 3347 886 3419 gravidine.
970 3352 1002 3400 tr
1021 3345 1113 3400 misni.

100 3421 261 3476 calchitidia
282 3422 362 3476 ustee
387 3421 460 3476 aeris
488 3422 553 3476 usti.
645 3427 678 3474 18
702 3421 775 3474 aeris
799 3425 864 3475 oute
891 3433 1036 3488 squamam
1063 3433 1112 3471 om.

101 3499 135 3548 20
158 3510 225 3548 vero
251 3509 302 3549 om,
410 3498 443 3546 27
466 3490 571 3558 nun,
595 3491 666 3546 enisi
684 3489 779 3558 XIII,
803 3489 901 3545 alterni
925 3488 1039 3542 seminis
1063 3505 1114 3544 om.

101 3571 134 3619 32
155 3565 365 3635 eiectiuncules,
384 3567 490 3619 correct
507 3581 522 3619 e
540 3563 626 3620 Scrib.
700 3568 733 3618 33
753 3563 832 3616 sistet
850 3567 898 3615 im
917 3559 993 3616 sistit
1010 3565 1070 3617 2m.

1141 3737 1262 3988 Γ
