<?xml version="1.0" encoding="UTF-8"?>
<!DOCTYPE html PUBLIC "-//W3C//DTD XHTML 1.0 Transitional//EN"
    "http://www.w3.org/TR/xhtml1/DTD/xhtml1-transitional.dtd">
<html xmlns="http://www.w3.org/1999/xhtml" xml:lang="en" lang="en">
 <head>
  <title>
</title>
<meta http-equiv="Content-Type" content="text/html;charset=utf-8" />
  <meta name='ocr-system' content='tesseract 3.04.00' />
  <meta name='ocr-capabilities' content='ocr_page ocr_carea ocr_par ocr_line ocrx_word'/>
</head>
<body>
  <div class='ocr_page' id='page_1' title='image "./marcellidemedic03helmgoog_0110.png"; bbox 0 0 2609 4017; ppageno 0'>
   <div class='ocr_carea' id='block_1_1' title="bbox 592 181 808 246">
    <p class='ocr_par' dir='ltr' id='par_1_1' title="bbox 592 181 808 246">
     <span class='ocr_line' id='line_1_1' title="bbox 592 181 808 246; baseline 0 -18"><span class='ocrx_word' id='word_1_1' title='bbox 592 181 808 246; x_wconf 71' lang='lat'>„98-</span> 
     </span>
    </p>
   </div>
   <div class='ocr_carea' id='block_1_2' title="bbox 137 344 1293 3266">
    <p class='ocr_par' dir='ltr' id='par_1_2' title="bbox 190 344 1235 1134">
     <span class='ocr_line' id='line_1_2' title="bbox 190 344 1211 424; baseline -0.004 -16"><span class='ocrx_word' id='word_1_2' title='bbox 190 349 271 408; x_wconf 91' lang='lat' dir='ltr'>ferro</span> <span class='ocrx_word' id='word_1_3' title='bbox 294 346 351 406; x_wconf 92' lang='lat' dir='ltr'>boc</span> <span class='ocrx_word' id='word_1_4' title='bbox 375 344 501 423; x_wconf 90' lang='lat' dir='ltr'>pastillo,</span> <span class='ocrx_word' id='word_1_5' title='bbox 525 346 578 422; x_wconf 88' lang='lat' dir='ltr'>qui</span> <span class='ocrx_word' id='word_1_6' title='bbox 600 345 759 405; x_wconf 89' lang='lat' dir='ltr'>conficitur</span> <span class='ocrx_word' id='word_1_7' title='bbox 781 346 837 406; x_wconf 83' lang='lat' dir='ltr'>sic:</span> <span class='ocrx_word' id='word_1_8' title='bbox 861 344 1006 405; x_wconf 73' lang='lat' dir='ltr'>fluminis</span> <span class='ocrx_word' id='word_1_9' title='bbox 1029 347 1094 404; x_wconf 80' lang='lat' dir='ltr'>fissi</span> <span class='ocrx_word' id='word_1_10' title='bbox 1116 344 1149 405; x_wconf 91' lang='lat' dir='ltr'>P.</span> <span class='ocrx_word' id='word_1_11' title='bbox 1174 344 1211 424; x_wconf 95' lang='lat' dir='ltr'>ll,</span> 
     </span>
     <span class='ocr_line' id='line_1_3' title="bbox 190 428 1213 515; baseline -0.003 -19"><span class='ocrx_word' id='word_1_12' title='bbox 190 437 340 515; x_wconf 82' lang='lat' dir='ltr'>aeruginis</span> <span class='ocrx_word' id='word_1_13' title='bbox 365 434 397 494; x_wconf 97' lang='lat' dir='ltr'>P.</span> <span class='ocrx_word' id='word_1_14' title='bbox 416 433 456 512; x_wconf 90' lang='lat'>11,</span> <span class='ocrx_word' id='word_1_15' title='bbox 480 435 569 493; x_wconf 89' lang='lat' dir='ltr'>misui</span> <span class='ocrx_word' id='word_1_16' title='bbox 591 435 652 493; x_wconf 90' lang='lat' dir='ltr'>usti</span> <span class='ocrx_word' id='word_1_17' title='bbox 676 433 706 494; x_wconf 89' lang='lat' dir='ltr'>P.</span> <span class='ocrx_word' id='word_1_18' title='bbox 727 433 767 514; x_wconf 95' lang='lat' dir='ltr'>ll,</span> <span class='ocrx_word' id='word_1_19' title='bbox 791 428 933 511; x_wconf 71' lang='lat' dir='ltr'>rubricae}</span> <span class='ocrx_word' id='word_1_20' title='bbox 953 433 1104 513; x_wconf 87' lang='lat' dir='ltr'>Sinopidis</span> <span class='ocrx_word' id='word_1_21' title='bbox 1123 433 1157 494; x_wconf 92' lang='lat' dir='ltr'>P.</span> <span class='ocrx_word' id='word_1_22' title='bbox 1176 433 1213 510; x_wconf 91' lang='lat' dir='ltr'>ll,</span> 
     </span>
     <span class='ocr_line' id='line_1_4' title="bbox 190 521 1211 605; baseline -0.003 -20"><span class='ocrx_word' id='word_1_23' title='bbox 190 526 318 605; x_wconf 85' lang='lat' dir='ltr'><strong>gummis</strong></span> <span class='ocrx_word' id='word_1_24' title='bbox 332 523 364 584; x_wconf 92' lang='lat' dir='ltr'>P.</span> <span class='ocrx_word' id='word_1_25' title='bbox 379 521 401 582; x_wconf 94' lang='lat' dir='ltr'>l.</span> <span class='ocrx_word' id='word_1_26' title='bbox 438 521 589 583; x_wconf 78' lang='lat' dir='ltr'>feruntur</span> <span class='ocrx_word' id='word_1_27' title='bbox 608 524 725 601; x_wconf 90' lang='lat' dir='ltr'>species</span> <span class='ocrx_word' id='word_1_28' title='bbox 744 525 859 600; x_wconf 83' lang='lat' dir='ltr'>priores</span> <span class='ocrx_word' id='word_1_29' title='bbox 874 540 910 582; x_wconf 90' lang='lat' dir='ltr'>ex</span> <span class='ocrx_word' id='word_1_30' title='bbox 925 531 1009 583; x_wconf 90' lang='lat' dir='ltr'>aceto</span> <span class='ocrx_word' id='word_1_31' title='bbox 1023 524 1094 602; x_wconf 90' lang='lat' dir='ltr'>acri,</span> <span class='ocrx_word' id='word_1_32' title='bbox 1113 522 1211 582; x_wconf 92' lang='lat' dir='ltr'>donec</span> 
     </span>
     <span class='ocr_line' id='line_1_5' title="bbox 192 611 1212 693; baseline -0.004 -19"><span class='ocrx_word' id='word_1_33' title='bbox 192 615 276 693; x_wconf 85' lang='lat' dir='ltr'>quasi</span> <span class='ocrx_word' id='word_1_34' title='bbox 295 611 414 690; x_wconf 84' lang='lat' dir='ltr'>collyrii</span> <span class='ocrx_word' id='word_1_35' title='bbox 433 611 580 672; x_wconf 81' lang='lat' dir='ltr'>confectio</span> <span class='ocrx_word' id='word_1_36' title='bbox 599 611 679 671; x_wconf 89' lang='lat' dir='ltr'>leves</span> <span class='ocrx_word' id='word_1_37' title='bbox 698 611 782 692; x_wconf 80' lang='lat' dir='ltr'>fiant3</span> <span class='ocrx_word' id='word_1_38' title='bbox 801 611 938 671; x_wconf 90' lang='lat' dir='ltr'>ultimum</span> <span class='ocrx_word' id='word_1_39' title='bbox 953 613 1066 688; x_wconf 83' lang='lat' dir='ltr'>gummi</span> <span class='ocrx_word' id='word_1_40' title='bbox 1080 611 1212 672; x_wconf 91' lang='lat' dir='ltr'>adicitur</span> 
     </span>
     <span class='ocr_line' id='line_1_6' title="bbox 191 699 1235 779; baseline -0.006 -17"><span class='ocrx_word' id='word_1_41' title='bbox 191 712 222 762; x_wconf 95' lang='lat' dir='ltr'>et</span> <span class='ocrx_word' id='word_1_42' title='bbox 244 702 399 779; x_wconf 83' lang='lat' dir='ltr'>finguntur</span> <span class='ocrx_word' id='word_1_43' title='bbox 421 699 539 779; x_wconf 78' lang='lat' dir='ltr'>pastilli,</span> <span class='ocrx_word' id='word_1_44' title='bbox 562 702 613 777; x_wconf 88' lang='lat' dir='ltr'>qui</span> <span class='ocrx_word' id='word_1_45' title='bbox 637 700 673 760; x_wconf 95' lang='lat' dir='ltr'>ad</span> <span class='ocrx_word' id='word_1_46' title='bbox 697 703 795 760; x_wconf 91' lang='lat' dir='ltr'>omnia</span> <span class='ocrx_word' id='word_1_47' title='bbox 818 700 917 761; x_wconf 91' lang='lat' dir='ltr'>ulcera</span> <span class='ocrx_word' id='word_1_48' title='bbox 937 699 1050 760; x_wconf 91' lang='lat' dir='ltr'>faciunt</span> <span class='ocrx_word' id='word_1_49' title='bbox 1067 718 1145 778; x_wconf 92' lang='lat' dir='ltr'>aqua</span> <span class='ocrx_word' id='word_1_50' title='bbox 1165 701 1235 760; x_wconf 75' lang='lat' dir='ltr'>dic</span> 
     </span>
     <span class='ocr_line' id='line_1_7' title="bbox 190 789 1212 870; baseline -0.003 -19"><span class='ocrx_word' id='word_1_51' title='bbox 190 791 245 851; x_wconf 91' lang='lat' dir='ltr'>luti</span> <span class='ocrx_word' id='word_1_52' title='bbox 266 789 419 868; x_wconf 79' lang='lat' dir='ltr'>emplastri</span> <span class='ocrx_word' id='word_1_53' title='bbox 443 807 525 848; x_wconf 91' lang='lat' dir='ltr'>more</span> <span class='ocrx_word' id='word_1_54' title='bbox 544 791 675 870; x_wconf 81' lang='lat' dir='ltr'>inpositi,</span> <span class='ocrx_word' id='word_1_55' title='bbox 700 807 767 849; x_wconf 91' lang='lat' dir='ltr'>oum</span> <span class='ocrx_word' id='word_1_56' title='bbox 787 797 838 850; x_wconf 93' lang='lat' dir='ltr'>aut</span> <span class='ocrx_word' id='word_1_57' title='bbox 857 796 990 850; x_wconf 89' lang='lat' dir='ltr'>tumores</span> <span class='ocrx_word' id='word_1_58' title='bbox 1009 789 1212 867; x_wconf 89' lang='lat' dir='ltr'>conpescendi</span> 
     </span>
     <span class='ocr_line' id='line_1_8' title="bbox 191 877 1211 958; baseline -0.002 -18"><span class='ocrx_word' id='word_1_59' title='bbox 191 887 261 940; x_wconf 90' lang='lat' dir='ltr'>sunt</span> <span class='ocrx_word' id='word_1_60' title='bbox 293 886 344 939; x_wconf 92' lang='lat' dir='ltr'>aut</span> <span class='ocrx_word' id='word_1_61' title='bbox 376 880 531 939; x_wconf 84' lang='lat' dir='ltr'>cicatrices</span> <span class='ocrx_word' id='word_1_62' title='bbox 565 877 729 958; x_wconf 81' lang='lat' dir='ltr'>sedandae3</span> <span class='ocrx_word' id='word_1_63' title='bbox 766 877 818 938; x_wconf 88' lang='lat' dir='ltr'>sed</span> <span class='ocrx_word' id='word_1_64' title='bbox 848 877 1052 957; x_wconf 87' lang='lat' dir='ltr'>aquatioribus</span> <span class='ocrx_word' id='word_1_65' title='bbox 1084 878 1132 938; x_wconf 89' lang='lat' dir='ltr'>his</span> <span class='ocrx_word' id='word_1_66' title='bbox 1166 879 1211 938; x_wconf 90' lang='lat' dir='ltr'>uti</span> 
     </span>
     <span class='ocr_line' id='line_1_9' title="bbox 191 966 1210 1049; baseline -0.003 -20"><span class='ocrx_word' id='word_1_67' title='bbox 191 976 323 1049; x_wconf 81' lang='lat' dir='ltr'>oportet,</span> <span class='ocrx_word' id='word_1_68' title='bbox 354 985 421 1028; x_wconf 91' lang='lat' dir='ltr'>cum</span> <span class='ocrx_word' id='word_1_69' title='bbox 450 969 572 1026; x_wconf 83' lang='lat' dir='ltr'>cicatrix</span> <span class='ocrx_word' id='word_1_70' title='bbox 603 966 738 1027; x_wconf 91' lang='lat' dir='ltr'>ducenda</span> <span class='ocrx_word' id='word_1_71' title='bbox 762 974 821 1047; x_wconf 86' lang='lat' dir='ltr'>est,</span> <span class='ocrx_word' id='word_1_72' title='bbox 853 977 887 1027; x_wconf 93' lang='lat' dir='ltr'>ut</span> <span class='ocrx_word' id='word_1_73' title='bbox 914 966 1029 1026; x_wconf 88' lang='lat' dir='ltr'>facibus</span> <span class='ocrx_word' id='word_1_74' title='bbox 1057 966 1210 1027; x_wconf 89' lang='lat' dir='ltr'>auriculae</span> 
     </span>
     <span class='ocr_line' id='line_1_10' title="bbox 191 1054 1210 1134; baseline -0.004 -16"><span class='ocrx_word' id='word_1_75' title='bbox 191 1059 371 1118; x_wconf 86' lang='lat' dir='ltr'>inserantur.</span> <span class='ocrx_word' id='word_1_76' title='bbox 408 1055 497 1115; x_wconf 89' lang='lat' dir='ltr'>Bene·</span> <span class='ocrx_word' id='word_1_77' title='bbox 512 1056 624 1115; x_wconf 91' lang='lat' dir='ltr'>faciunt</span> <span class='ocrx_word' id='word_1_78' title='bbox 647 1055 727 1115; x_wconf 93' lang='lat' dir='ltr'>idem</span> <span class='ocrx_word' id='word_1_79' title='bbox 751 1063 782 1115; x_wconf 91' lang='lat' dir='ltr'>et</span> <span class='ocrx_word' id='word_1_80' title='bbox 804 1055 839 1115; x_wconf 92' lang='lat' dir='ltr'>ad</span> <span class='ocrx_word' id='word_1_81' title='bbox 861 1073 949 1115; x_wconf 92' lang='lat' dir='ltr'>nares</span> <span class='ocrx_word' id='word_1_82' title='bbox 968 1054 1102 1134; x_wconf 84' lang='lat' dir='ltr'>qualibet</span> <span class='ocrx_word' id='word_1_83' title='bbox 1121 1073 1210 1116; x_wconf 90' lang='lat' dir='ltr'>causa</span> 
     </span>
    </p>

    <p class='ocr_par' dir='ltr' id='par_1_3' title="bbox 138 1144 1247 1312">
     <span class='ocr_line' id='line_1_11' title="bbox 138 1144 1247 1222; baseline -0.005 -14"><span class='ocrx_word' id='word_1_84' title='bbox 138 1159 172 1208; x_wconf 83' lang='lat'>39</span> <span class='ocrx_word' id='word_1_85' title='bbox 192 1146 377 1207; x_wconf 91' lang='lat' dir='ltr'>exulceratas</span> <span class='ocrx_word' id='word_1_86' title='bbox 400 1155 430 1204; x_wconf 92' lang='lat' dir='ltr'>et</span> <span class='ocrx_word' id='word_1_87' title='bbox 452 1147 582 1222; x_wconf 83' lang='lat' dir='ltr'>graviter</span> <span class='ocrx_word' id='word_1_88' title='bbox 605 1144 728 1204; x_wconf 90' lang='lat' dir='ltr'>olentes.</span> <span class='ocrx_word' id='word_1_89' title='bbox 765 1147 895 1204; x_wconf 84' lang='lat' dir='ltr'>Araneas</span> <span class='ocrx_word' id='word_1_90' title='bbox 918 1145 1050 1204; x_wconf 86' lang='lat' dir='ltr'>viventes</span> <span class='ocrx_word' id='word_1_91' title='bbox 1073 1147 1106 1204; x_wconf 91' lang='lat' dir='ltr'>in</span> <span class='ocrx_word' id='word_1_92' title='bbox 1125 1152 1209 1204; x_wconf 90' lang='lat' dir='ltr'>aceto</span> <span class='ocrx_word' id='word_1_93' title='bbox 1224 1164 1247 1202; x_wconf 88' lang='lat' dir='ltr'>1o</span> 
     </span>
     <span class='ocr_line' id='line_1_12' title="bbox 191 1233 1210 1312; baseline -0.003 -17"><span class='ocrx_word' id='word_1_94' title='bbox 191 1233 357 1295; x_wconf 88' lang='lat' dir='ltr'>macerabis</span> <span class='ocrx_word' id='word_1_95' title='bbox 380 1243 411 1294; x_wconf 91' lang='lat' dir='ltr'>et</span> <span class='ocrx_word' id='word_1_96' title='bbox 434 1235 477 1293; x_wconf 90' lang='lat' dir='ltr'>sic</span> <span class='ocrx_word' id='word_1_97' title='bbox 501 1243 639 1293; x_wconf 93' lang='lat' dir='ltr'>conteres</span> <span class='ocrx_word' id='word_1_98' title='bbox 663 1240 751 1312; x_wconf 93' lang='lat' dir='ltr'>atque</span> <span class='ocrx_word' id='word_1_99' title='bbox 774 1233 843 1292; x_wconf 93' lang='lat' dir='ltr'>inde</span> <span class='ocrx_word' id='word_1_100' title='bbox 867 1251 969 1293; x_wconf 89' lang='lat' dir='ltr'>aurem</span> <span class='ocrx_word' id='word_1_101' title='bbox 994 1233 1085 1312; x_wconf 90' lang='lat' dir='ltr'>elues‚</span> <span class='ocrx_word' id='word_1_102' title='bbox 1109 1235 1210 1293; x_wconf 90' lang='lat' dir='ltr'>statim</span> 
     </span>
    </p>

    <p class='ocr_par' dir='ltr' id='par_1_4' title="bbox 138 1321 1210 1403">
     <span class='ocr_line' id='line_1_13' title="bbox 138 1321 1210 1403; baseline -0.004 -18"><span class='ocrx_word' id='word_1_103' title='bbox 138 1336 173 1385; x_wconf 90' lang='grc' dir='ltr'>4ο</span> <span class='ocrx_word' id='word_1_104' title='bbox 191 1323 334 1403; x_wconf 90' lang='lat' dir='ltr'>proderit.</span> <span class='ocrx_word' id='word_1_105' title='bbox 374 1321 441 1403; x_wconf 87' lang='lat' dir='ltr'>llel,</span> <span class='ocrx_word' id='word_1_106' title='bbox 465 1321 605 1400; x_wconf 86' lang='lat' dir='ltr'>butyrum</span> <span class='ocrx_word' id='word_1_107' title='bbox 629 1331 659 1382; x_wconf 90' lang='lat' dir='ltr'>et</span> <span class='ocrx_word' id='word_1_108' title='bbox 682 1322 779 1382; x_wconf 92' lang='lat' dir='ltr'>oleum</span> <span class='ocrx_word' id='word_1_109' title='bbox 804 1339 959 1383; x_wconf 86' lang='lat' dir='ltr'>rosaceum</span> <span class='ocrx_word' id='word_1_110' title='bbox 983 1325 1046 1400; x_wconf 83' lang='lat' dir='ltr'>peri</span> <span class='ocrx_word' id='word_1_111' title='bbox 1069 1339 1210 1382; x_wconf 90' lang='lat' dir='ltr'>mensura</span> 
     </span>
    </p>

    <p class='ocr_par' dir='ltr' id='par_1_5' title="bbox 138 1409 1210 1579">
     <span class='ocr_line' id='line_1_14' title="bbox 138 1409 1210 1490; baseline -0.003 -17"><span class='ocrx_word' id='word_1_112' title='bbox 138 1424 172 1473; x_wconf 89' lang='grc'>41</span> <span class='ocrx_word' id='word_1_113' title='bbox 192 1413 339 1490; x_wconf 89' lang='lat' dir='ltr'>permisce</span> <span class='ocrx_word' id='word_1_114' title='bbox 368 1429 402 1470; x_wconf 90' lang='lat' dir='ltr'>ac</span> <span class='ocrx_word' id='word_1_115' title='bbox 427 1410 560 1489; x_wconf 91' lang='lat' dir='ltr'>tepidum</span> <span class='ocrx_word' id='word_1_116' title='bbox 589 1410 740 1471; x_wconf 89' lang='lat' dir='ltr'>auriculae</span> <span class='ocrx_word' id='word_1_117' title='bbox 768 1410 881 1471; x_wconf 91' lang='lat' dir='ltr'>dolenti</span> <span class='ocrx_word' id='word_1_118' title='bbox 910 1411 1041 1471; x_wconf 92' lang='lat' dir='ltr'>infunde.</span> <span class='ocrx_word' id='word_1_119' title='bbox 1087 1409 1140 1470; x_wconf 90' lang='lat' dir='ltr'>Fel</span> <span class='ocrx_word' id='word_1_120' title='bbox 1165 1429 1210 1470; x_wconf 92' lang='lat' dir='ltr'>ca·</span> 
     </span>
     <span class='ocr_line' id='line_1_15' title="bbox 192 1499 1209 1579; baseline -0.002 -19"><span class='ocrx_word' id='word_1_121' title='bbox 192 1519 323 1579; x_wconf 89' lang='lat' dir='ltr'>prunum</span> <span class='ocrx_word' id='word_1_122' title='bbox 356 1509 386 1560; x_wconf 91' lang='lat' dir='ltr'>et</span> <span class='ocrx_word' id='word_1_123' title='bbox 418 1499 516 1560; x_wconf 92' lang='lat' dir='ltr'>oleum</span> <span class='ocrx_word' id='word_1_124' title='bbox 548 1499 764 1578; x_wconf 79' lang='lat' dir='ltr'>amygdalinum</span> <span class='ocrx_word' id='word_1_125' title='bbox 798 1501 862 1578; x_wconf 91' lang='lat' dir='ltr'>pari</span> <span class='ocrx_word' id='word_1_126' title='bbox 894 1516 1034 1560; x_wconf 85' lang='lat' dir='ltr'>mensura</span> <span class='ocrx_word' id='word_1_127' title='bbox 1062 1501 1209 1578; x_wconf 87' lang='lat' dir='ltr'>permisce</span> 
     </span>
    </p>

    <p class='ocr_par' dir='ltr' id='par_1_6' title="bbox 138 1586 1243 1758">
     <span class='ocr_line' id='line_1_16' title="bbox 138 1586 1243 1668; baseline -0.004 -18"><span class='ocrx_word' id='word_1_128' title='bbox 138 1601 172 1650; x_wconf 78' lang='lat'>42</span> <span class='ocrx_word' id='word_1_129' title='bbox 191 1589 384 1668; x_wconf 89' lang='lat' dir='ltr'>tepidumque</span> <span class='ocrx_word' id='word_1_130' title='bbox 413 1587 557 1648; x_wconf 88' lang='lat' dir='ltr'>laboranti</span> <span class='ocrx_word' id='word_1_131' title='bbox 585 1588 735 1649; x_wconf 91' lang='lat' dir='ltr'>auriculae</span> <span class='ocrx_word' id='word_1_132' title='bbox 760 1587 879 1647; x_wconf 88' lang='lat' dir='ltr'>instilla.</span> <span class='ocrx_word' id='word_1_133' title='bbox 924 1586 1066 1648; x_wconf 92' lang='lat' dir='ltr'>Putorem</span> <span class='ocrx_word' id='word_1_134' title='bbox 1090 1588 1206 1648; x_wconf 91' lang='lat' dir='ltr'>sordes·</span> <span class='ocrx_word' id='word_1_135' title='bbox 1221 1605 1243 1646; x_wconf 84' lang='lat' dir='ltr'>u</span> 
     </span>
     <span class='ocr_line' id='line_1_17' title="bbox 193 1675 1210 1758; baseline -0.002 -20"><span class='ocrx_word' id='word_1_136' title='bbox 193 1697 251 1758; x_wconf 88' lang='lat' dir='ltr'>que</span> <span class='ocrx_word' id='word_1_137' title='bbox 283 1677 434 1739; x_wconf 89' lang='lat' dir='ltr'>auriculae</span> <span class='ocrx_word' id='word_1_138' title='bbox 466 1680 577 1756; x_wconf 90' lang='lat' dir='ltr'>optime</span> <span class='ocrx_word' id='word_1_139' title='bbox 610 1685 696 1737; x_wconf 90' lang='lat' dir='ltr'>curat</span> <span class='ocrx_word' id='word_1_140' title='bbox 723 1675 897 1737; x_wconf 88' lang='lat' dir='ltr'>cucurbitae</span> <span class='ocrx_word' id='word_1_141' title='bbox 925 1676 1030 1737; x_wconf 88' lang='lat' dir='ltr'>viridis</span> <span class='ocrx_word' id='word_1_142' title='bbox 1059 1695 1150 1736; x_wconf 89' lang='lat' dir='ltr'>sucus</span> <span class='ocrx_word' id='word_1_143' title='bbox 1179 1686 1210 1736; x_wconf 90' lang='lat' dir='ltr'>et</span> 
     </span>
    </p>

    <p class='ocr_par' dir='ltr' id='par_1_7' title="bbox 137 1764 1244 2289">
     <span class='ocr_line' id='line_1_18' title="bbox 137 1764 1209 1846; baseline -0.002 -19"><span class='ocrx_word' id='word_1_144' title='bbox 137 1779 172 1828; x_wconf 84' lang='grc'>43</span> <span class='ocrx_word' id='word_1_145' title='bbox 192 1785 301 1846; x_wconf 88' lang='lat' dir='ltr'>porrus</span> <span class='ocrx_word' id='word_1_146' title='bbox 334 1770 481 1845; x_wconf 88' lang='lat' dir='ltr'>capitatus</span> <span class='ocrx_word' id='word_1_147' title='bbox 513 1786 581 1827; x_wconf 90' lang='lat' dir='ltr'>cum</span> <span class='ocrx_word' id='word_1_148' title='bbox 612 1765 677 1826; x_wconf 94' lang='lat' dir='ltr'>oleo</span> <span class='ocrx_word' id='word_1_149' title='bbox 705 1765 846 1826; x_wconf 90' lang='lat' dir='ltr'>decoctus</span> <span class='ocrx_word' id='word_1_150' title='bbox 874 1773 964 1844; x_wconf 86' lang='lat' dir='ltr'>atque</span> <span class='ocrx_word' id='word_1_151' title='bbox 991 1765 1118 1846; x_wconf 82' lang='lat' dir='ltr'>inlusus.</span> <span class='ocrx_word' id='word_1_152' title='bbox 1165 1764 1209 1825; x_wconf 79' lang='lat' dir='ltr'>Ad</span> 
     </span>
     <span class='ocr_line' id='line_1_19' title="bbox 192 1853 1209 1932; baseline -0.003 -16"><span class='ocrx_word' id='word_1_153' title='bbox 192 1856 343 1917; x_wconf 87' lang='lat' dir='ltr'>auriculae</span> <span class='ocrx_word' id='word_1_154' title='bbox 367 1856 498 1915; x_wconf 91' lang='lat' dir='ltr'>dolorem</span> <span class='ocrx_word' id='word_1_155' title='bbox 522 1854 656 1915; x_wconf 86' lang='lat' dir='ltr'>hastulae</span> <span class='ocrx_word' id='word_1_156' title='bbox 678 1857 777 1932; x_wconf 85' lang='lat' dir='ltr'>regiae</span> <span class='ocrx_word' id='word_1_157' title='bbox 796 1854 905 1914; x_wconf 91' lang='lat' dir='ltr'>radicis</span> <span class='ocrx_word' id='word_1_158' title='bbox 924 1872 1015 1914; x_wconf 89' lang='lat' dir='ltr'>sucus</span> <span class='ocrx_word' id='word_1_159' title='bbox 1034 1872 1103 1914; x_wconf 93' lang='lat' dir='ltr'>cum</span> <span class='ocrx_word' id='word_1_160' title='bbox 1122 1853 1209 1914; x_wconf 92' lang='lat' dir='ltr'>melle</span> 
     </span>
     <span class='ocr_line' id='line_1_20' title="bbox 192 1943 1208 2022; baseline 0 -20"><span class='ocrx_word' id='word_1_161' title='bbox 192 1944 238 2004; x_wconf 93' lang='lat' dir='ltr'>vel</span> <span class='ocrx_word' id='word_1_162' title='bbox 266 1947 334 2005; x_wconf 90' lang='lat' dir='ltr'>vino</span> <span class='ocrx_word' id='word_1_163' title='bbox 363 1943 544 2022; x_wconf 76' lang='lat' dir='ltr'>infunditur,</span> <span class='ocrx_word' id='word_1_164' title='bbox 572 1943 723 2003; x_wconf 90' lang='lat' dir='ltr'>interdum</span> <span class='ocrx_word' id='word_1_165' title='bbox 751 1943 909 2004; x_wconf 88' lang='lat' dir='ltr'>admisceri</span> <span class='ocrx_word' id='word_1_166' title='bbox 936 1951 1055 2021; x_wconf 91' lang='lat' dir='ltr'>oportet</span> <span class='ocrx_word' id='word_1_167' title='bbox 1078 1944 1155 2003; x_wconf 86' lang='lat' dir='ltr'>turis</span> <span class='ocrx_word' id='word_1_168' title='bbox 1180 1953 1208 2002; x_wconf 90' lang='lat' dir='ltr'>et</span> 
     </span>
     <span class='ocr_line' id='line_1_21' title="bbox 192 2030 1244 2111; baseline -0.005 -18"><span class='ocrx_word' id='word_1_169' title='bbox 192 2051 309 2111; x_wconf 82' lang='lat' dir='ltr'>myrrae</span> <span class='ocrx_word' id='word_1_170' title='bbox 346 2040 461 2110; x_wconf 93' lang='lat' dir='ltr'>partem</span> <span class='ocrx_word' id='word_1_171' title='bbox 493 2032 540 2092; x_wconf 87' lang='lat' dir='ltr'>vel</span> <span class='ocrx_word' id='word_1_172' title='bbox 572 2033 708 2110; x_wconf 87' lang='lat' dir='ltr'>capparis</span> <span class='ocrx_word' id='word_1_173' title='bbox 741 2032 879 2092; x_wconf 90' lang='lat' dir='ltr'>foliorum</span> <span class='ocrx_word' id='word_1_174' title='bbox 912 2049 1017 2092; x_wconf 89' lang='lat' dir='ltr'>sucum</span> <span class='ocrx_word' id='word_1_175' title='bbox 1049 2030 1207 2091; x_wconf 82' lang='lat' dir='ltr'>infundere</span> <span class='ocrx_word' id='word_1_176' title='bbox 1221 2049 1244 2088; x_wconf 82' lang='lat' dir='ltr'>ao</span> 
     </span>
     <span class='ocr_line' id='line_1_22' title="bbox 170 2120 1209 2182; baseline -0.003 0"><span class='ocrx_word' id='word_1_177' title='bbox 170 2120 240 2182; x_wconf 70' lang='lat' dir='ltr'>‚vel</span> <span class='ocrx_word' id='word_1_178' title='bbox 273 2128 358 2181; x_wconf 91' lang='lat' dir='ltr'>rutae</span> <span class='ocrx_word' id='word_1_179' title='bbox 391 2139 496 2180; x_wconf 85' lang='lat' dir='ltr'>sucum</span> <span class='ocrx_word' id='word_1_180' title='bbox 529 2127 580 2180; x_wconf 94' lang='lat' dir='ltr'>aut</span> <span class='ocrx_word' id='word_1_181' title='bbox 613 2123 677 2181; x_wconf 91' lang='lat' dir='ltr'>eius</span> <span class='ocrx_word' id='word_1_182' title='bbox 712 2139 813 2180; x_wconf 90' lang='lat' dir='ltr'>semen</span> <span class='ocrx_word' id='word_1_183' title='bbox 846 2123 950 2180; x_wconf 91' lang='lat' dir='ltr'>tritum</span> <span class='ocrx_word' id='word_1_184' title='bbox 984 2139 1052 2180; x_wconf 84' lang='lat' dir='ltr'>cunr</span> <span class='ocrx_word' id='word_1_185' title='bbox 1083 2138 1150 2180; x_wconf 90' lang='lat' dir='ltr'>rosa</span> <span class='ocrx_word' id='word_1_186' title='bbox 1179 2129 1209 2180; x_wconf 90' lang='lat' dir='ltr'>et</span> 
     </span>
     <span class='ocr_line' id='line_1_23' title="bbox 193 2208 1209 2289; baseline 0 -21"><span class='ocrx_word' id='word_1_187' title='bbox 193 2209 312 2269; x_wconf 88' lang='lat' dir='ltr'>lentisci</span> <span class='ocrx_word' id='word_1_188' title='bbox 335 2227 440 2269; x_wconf 91' lang='lat' dir='ltr'>sucum</span> <span class='ocrx_word' id='word_1_189' title='bbox 464 2227 531 2270; x_wconf 91' lang='lat' dir='ltr'>cum</span> <span class='ocrx_word' id='word_1_190' title='bbox 555 2227 622 2269; x_wconf 91' lang='lat' dir='ltr'>rosa</span> <span class='ocrx_word' id='word_1_191' title='bbox 646 2209 830 2289; x_wconf 80' lang='lat' dir='ltr'>amygdalino</span> <span class='ocrx_word' id='word_1_192' title='bbox 853 2212 919 2269; x_wconf 87' lang='lat' dir='ltr'>vino</span> <span class='ocrx_word' id='word_1_193' title='bbox 939 2208 1069 2270; x_wconf 84' lang='lat' dir='ltr'>admixto</span> <span class='ocrx_word' id='word_1_194' title='bbox 1093 2209 1209 2269; x_wconf 89' lang='lat' dir='ltr'>infundi</span> 
     </span>
    </p>

    <p class='ocr_par' dir='ltr' id='par_1_8' title="bbox 139 2296 1244 2555">
     <span class='ocr_line' id='line_1_24' title="bbox 139 2296 1208 2378; baseline 0 -20"><span class='ocrx_word' id='word_1_195' title='bbox 139 2310 174 2358; x_wconf 89' lang='grc'>44</span> <span class='ocrx_word' id='word_1_196' title='bbox 193 2307 320 2377; x_wconf 88' lang='lat' dir='ltr'>oportet.</span> <span class='ocrx_word' id='word_1_197' title='bbox 367 2297 398 2357; x_wconf 88' lang='lat' dir='ltr'>Si</span> <span class='ocrx_word' id='word_1_198' title='bbox 426 2316 482 2376; x_wconf 92' lang='lat' dir='ltr'>pus</span> <span class='ocrx_word' id='word_1_199' title='bbox 505 2308 557 2358; x_wconf 90' lang='lat' dir='ltr'>aut</span> <span class='ocrx_word' id='word_1_200' title='bbox 579 2300 677 2358; x_wconf 91' lang='lat' dir='ltr'>sanies</span> <span class='ocrx_word' id='word_1_201' title='bbox 700 2296 830 2357; x_wconf 91' lang='lat' dir='ltr'>manabit</span> <span class='ocrx_word' id='word_1_202' title='bbox 854 2316 889 2358; x_wconf 91' lang='lat' dir='ltr'>ex</span> <span class='ocrx_word' id='word_1_203' title='bbox 913 2315 998 2378; x_wconf 89' lang='lat' dir='ltr'>aure,</span> <span class='ocrx_word' id='word_1_204' title='bbox 1026 2299 1137 2358; x_wconf 84' lang='lat' dir='ltr'>malvae</span> <span class='ocrx_word' id='word_1_205' title='bbox 1161 2316 1208 2358; x_wconf 91' lang='lat' dir='ltr'>su·</span> 
     </span>
     <span class='ocr_line' id='line_1_25' title="bbox 194 2385 1208 2466; baseline -0.002 -19"><span class='ocrx_word' id='word_1_206' title='bbox 194 2405 262 2448; x_wconf 92' lang='lat' dir='ltr'>cum</span> <span class='ocrx_word' id='word_1_207' title='bbox 290 2388 358 2447; x_wconf 88' lang='lat' dir='ltr'>vino</span> <span class='ocrx_word' id='word_1_208' title='bbox 386 2386 569 2466; x_wconf 75' lang='lat' dir='ltr'>amygdalino</span> <span class='ocrx_word' id='word_1_209' title='bbox 597 2389 755 2447; x_wconf 81' lang='lat' dir='ltr'>inmixtum</span> <span class='ocrx_word' id='word_1_210' title='bbox 782 2386 829 2447; x_wconf 86' lang='lat' dir='ltr'>vel</span> <span class='ocrx_word' id='word_1_211' title='bbox 856 2405 928 2448; x_wconf 87' lang='lat' dir='ltr'>suco</span> <span class='ocrx_word' id='word_1_212' title='bbox 956 2405 1042 2446; x_wconf 90' lang='lat' dir='ltr'>rosae</span> <span class='ocrx_word' id='word_1_213' title='bbox 1070 2385 1117 2446; x_wconf 91' lang='lat' dir='ltr'>vel</span> <span class='ocrx_word' id='word_1_214' title='bbox 1144 2385 1208 2445; x_wconf 92' lang='lat' dir='ltr'>oleo</span> 
     </span>
     <span class='ocr_line' id='line_1_26' title="bbox 194 2475 1244 2555; baseline -0.002 -19"><span class='ocrx_word' id='word_1_215' title='bbox 194 2494 316 2536; x_wconf 87' lang='lat' dir='ltr'>rosaceo</span> <span class='ocrx_word' id='word_1_216' title='bbox 348 2476 529 2555; x_wconf 91' lang='lat' dir='ltr'>tepefactum</span> <span class='ocrx_word' id='word_1_217' title='bbox 561 2475 700 2536; x_wconf 89' lang='lat' dir='ltr'>instillari</span> <span class='ocrx_word' id='word_1_218' title='bbox 731 2482 862 2555; x_wconf 92' lang='lat' dir='ltr'>oportet,</span> <span class='ocrx_word' id='word_1_219' title='bbox 899 2476 1037 2554; x_wconf 90' lang='lat' dir='ltr'>protinus</span> <span class='ocrx_word' id='word_1_220' title='bbox 1069 2475 1207 2534; x_wconf 88' lang='lat' dir='ltr'>effectum</span> <span class='ocrx_word' id='word_1_221' title='bbox 1220 2492 1244 2534; x_wconf 78' lang='lat'>2⁵</span> 
     </span>
    </p>

    <p class='ocr_par' dir='ltr' id='par_1_9' title="bbox 141 2563 1208 2734">
     <span class='ocr_line' id='line_1_27' title="bbox 141 2563 1208 2626; baseline -0.001 -3"><span class='ocrx_word' id='word_1_222' title='bbox 141 2577 175 2624; x_wconf 81' lang='lat'>45</span> <span class='ocrx_word' id='word_1_223' title='bbox 196 2563 356 2626; x_wconf 89' lang='lat' dir='ltr'>exhibebit.</span> <span class='ocrx_word' id='word_1_224' title='bbox 403 2564 584 2625; x_wconf 85' lang='lat' dir='ltr'>Draconteae</span> <span class='ocrx_word' id='word_1_225' title='bbox 608 2582 699 2624; x_wconf 90' lang='lat' dir='ltr'>sucus</span> <span class='ocrx_word' id='word_1_226' title='bbox 723 2571 773 2624; x_wconf 90' lang='lat' dir='ltr'>aut</span> <span class='ocrx_word' id='word_1_227' title='bbox 797 2582 898 2624; x_wconf 90' lang='lat' dir='ltr'>semen</span> <span class='ocrx_word' id='word_1_228' title='bbox 922 2565 1025 2624; x_wconf 90' lang='lat' dir='ltr'>tritum</span> <span class='ocrx_word' id='word_1_229' title='bbox 1050 2582 1119 2624; x_wconf 91' lang='lat' dir='ltr'>cum</span> <span class='ocrx_word' id='word_1_230' title='bbox 1142 2581 1208 2622; x_wconf 90' lang='lat' dir='ltr'>rosa</span> 
     </span>
     <span class='ocr_line' id='line_1_28' title="bbox 194 2651 1207 2734; baseline -0.004 -19"><span class='ocrx_word' id='word_1_231' title='bbox 194 2663 246 2715; x_wconf 91' lang='lat' dir='ltr'>aut</span> <span class='ocrx_word' id='word_1_232' title='bbox 276 2653 460 2734; x_wconf 80' lang='lat' dir='ltr'>amygdalino</span> <span class='ocrx_word' id='word_1_233' title='bbox 493 2655 560 2713; x_wconf 88' lang='lat' dir='ltr'>vino</span> <span class='ocrx_word' id='word_1_234' title='bbox 589 2653 720 2714; x_wconf 91' lang='lat' dir='ltr'>infusum</span> <span class='ocrx_word' id='word_1_235' title='bbox 748 2652 923 2731; x_wconf 88' lang='lat' dir='ltr'>purulentae</span> <span class='ocrx_word' id='word_1_236' title='bbox 951 2651 1101 2713; x_wconf 92' lang='lat' dir='ltr'>auriculae</span> <span class='ocrx_word' id='word_1_237' title='bbox 1133 2653 1207 2712; x_wconf 92' lang='lat' dir='ltr'>sani-</span> 
     </span>
    </p>

    <p class='ocr_par' dir='ltr' id='par_1_10' title="bbox 140 2740 1293 2910">
     <span class='ocr_line' id='line_1_29' title="bbox 140 2740 1207 2819; baseline -0.001 -18"><span class='ocrx_word' id='word_1_238' title='bbox 140 2751 286 2804; x_wconf 81' lang='lat' dir='ltr'>totalem</span> <span class='ocrx_word' id='word_1_239' title='bbox 316 2745 519 2803; x_wconf 88' lang='lat' dir='ltr'>maturrimam</span> <span class='ocrx_word' id='word_1_240' title='bbox 552 2749 690 2819; x_wconf 81' lang='lat' dir='ltr'>praestat.</span> <span class='ocrx_word' id='word_1_241' title='bbox 737 2740 863 2801; x_wconf 89' lang='lat' dir='ltr'>Crocum</span> <span class='ocrx_word' id='word_1_242' title='bbox 895 2743 999 2802; x_wconf 90' lang='lat' dir='ltr'>tritum</span> <span class='ocrx_word' id='word_1_243' title='bbox 1032 2759 1100 2802; x_wconf 92' lang='lat' dir='ltr'>cum</span> <span class='ocrx_word' id='word_1_244' title='bbox 1134 2740 1207 2800; x_wconf 91' lang='lat' dir='ltr'>lacte</span> 
     </span>
     <span class='ocr_line' id='line_1_30' title="bbox 194 2829 1293 2910; baseline -0.001 -20"><span class='ocrx_word' id='word_1_245' title='bbox 194 2830 333 2892; x_wconf 92' lang='lat' dir='ltr'>muliebri</span> <span class='ocrx_word' id='word_1_246' title='bbox 365 2833 391 2890; x_wconf 93' lang='lat' dir='ltr'>si</span> <span class='ocrx_word' id='word_1_247' title='bbox 420 2829 594 2910; x_wconf 91' lang='lat' dir='ltr'>instilletur,</span> <span class='ocrx_word' id='word_1_248' title='bbox 626 2833 737 2889; x_wconf 92' lang='lat' dir='ltr'>tumori</span> <span class='ocrx_word' id='word_1_249' title='bbox 769 2832 850 2890; x_wconf 89' lang='lat' dir='ltr'>auris</span> <span class='ocrx_word' id='word_1_250' title='bbox 882 2830 1044 2908; x_wconf 90' lang='lat' dir='ltr'>plurimum</span> <span class='ocrx_word' id='word_1_251' title='bbox 1078 2829 1207 2908; x_wconf 91' lang='lat' dir='ltr'>prodest.</span> <span class='ocrx_word' id='word_1_252' title='bbox 1292 2899 1293 2908; x_wconf 10' lang='grc' dir='ltr'>χ</span> 
     </span>
    </p>

    <p class='ocr_par' dir='ltr' id='par_1_11' title="bbox 140 2917 1293 3174">
     <span class='ocr_line' id='line_1_31' title="bbox 140 2917 1293 3008; baseline -0.003 -28"><span class='ocrx_word' id='word_1_253' title='bbox 140 2932 174 2980; x_wconf 81' lang='grc'>47</span> <span class='ocrx_word' id='word_1_254' title='bbox 194 2917 347 2997; x_wconf 82' lang='lat' dir='ltr'>Hysopum</span> <span class='ocrx_word' id='word_1_255' title='bbox 375 2929 533 2979; x_wconf 92' lang='lat' dir='ltr'>contusum</span> <span class='ocrx_word' id='word_1_256' title='bbox 562 2925 592 2978; x_wconf 96' lang='lat' dir='ltr'>et</span> <span class='ocrx_word' id='word_1_257' title='bbox 619 2917 781 2996; x_wconf 81' lang='lat' dir='ltr'>cribratum</span> <span class='ocrx_word' id='word_1_258' title='bbox 810 2936 879 2979; x_wconf 93' lang='lat' dir='ltr'>cum</span> <span class='ocrx_word' id='word_1_259' title='bbox 906 2928 990 2978; x_wconf 89' lang='lat' dir='ltr'>aceto</span> <span class='ocrx_word' id='word_1_260' title='bbox 1019 2930 1049 2979; x_wconf 91' lang='lat' dir='ltr'>et</span> <span class='ocrx_word' id='word_1_261' title='bbox 1077 2921 1155 2978; x_wconf 90' lang='lat' dir='ltr'>nitro</span> <span class='ocrx_word' id='word_1_262' title='bbox 1178 2927 1207 2978; x_wconf 93' lang='lat' dir='ltr'>et</span> <span class='ocrx_word' id='word_1_263' title='bbox 1220 2937 1244 2976; x_wconf 84' lang='lat' dir='ltr'>oo</span> <span class='ocrx_word' id='word_1_264' title='bbox 1292 2919 1293 3008; x_wconf 73' lang='grc'>4</span> 
     </span>
     <span class='ocr_line' id='line_1_32' title="bbox 194 3005 1293 3086; baseline -0.001 -19"><span class='ocrx_word' id='word_1_265' title='bbox 194 3006 280 3067; x_wconf 89' lang='lat' dir='ltr'>melle</span> <span class='ocrx_word' id='word_1_266' title='bbox 307 3005 440 3066; x_wconf 88' lang='lat' dir='ltr'>infusum</span> <span class='ocrx_word' id='word_1_267' title='bbox 467 3005 544 3066; x_wconf 90' lang='lat' dir='ltr'>bene</span> <span class='ocrx_word' id='word_1_268' title='bbox 578 3007 648 3066; x_wconf 91' lang='lat' dir='ltr'>facit</span> <span class='ocrx_word' id='word_1_269' title='bbox 680 3006 716 3066; x_wconf 88' lang='lat' dir='ltr'>ad</span> <span class='ocrx_word' id='word_1_270' title='bbox 746 3009 870 3067; x_wconf 92' lang='lat' dir='ltr'>tinnitus</span> <span class='ocrx_word' id='word_1_271' title='bbox 897 3008 1013 3068; x_wconf 90' lang='lat' dir='ltr'>aurium</span> <span class='ocrx_word' id='word_1_272' title='bbox 1042 3017 1131 3086; x_wconf 87' lang='lat' dir='ltr'>atque</span> <span class='ocrx_word' id='word_1_273' title='bbox 1163 3009 1205 3066; x_wconf 95' lang='lat' dir='ltr'>in-</span> <span class='ocrx_word' id='word_1_274' title='bbox 1292 3023 1293 3028; x_wconf 51' lang='lat'>¹</span> 
     </span>
     <span class='ocr_line' id='line_1_33' title="bbox 194 3094 1206 3174; baseline 0 -20"><span class='ocrx_word' id='word_1_275' title='bbox 194 3095 342 3174; x_wconf 84' lang='lat' dir='ltr'>dationes,</span> <span class='ocrx_word' id='word_1_276' title='bbox 368 3095 420 3155; x_wconf 91' lang='lat' dir='ltr'>sed</span> <span class='ocrx_word' id='word_1_277' title='bbox 444 3094 550 3155; x_wconf 91' lang='lat' dir='ltr'>melius</span> <span class='ocrx_word' id='word_1_278' title='bbox 573 3097 598 3154; x_wconf 92' lang='lat' dir='ltr'>si</span> <span class='ocrx_word' id='word_1_279' title='bbox 622 3097 777 3174; x_wconf 85' lang='lat' dir='ltr'>cyprinum</span> <span class='ocrx_word' id='word_1_280' title='bbox 802 3095 900 3156; x_wconf 93' lang='lat' dir='ltr'>oleum</span> <span class='ocrx_word' id='word_1_281' title='bbox 922 3096 1086 3157; x_wconf 90' lang='lat' dir='ltr'>admixtum</span> <span class='ocrx_word' id='word_1_282' title='bbox 1109 3095 1206 3156; x_wconf 91' lang='lat' dir='ltr'>fuerit.</span> 
     </span>
    </p>

    <p class='ocr_par' dir='ltr' id='par_1_12' title="bbox 140 3179 1293 3266">
     <span class='ocr_line' id='line_1_34' title="bbox 140 3179 1293 3266; baseline -0.001 -21"><span class='ocrx_word' id='word_1_283' title='bbox 140 3196 175 3245; x_wconf 82' lang='grc'>44</span> <span class='ocrx_word' id='word_1_284' title='bbox 194 3184 237 3243; x_wconf 79' lang='lat' dir='ltr'>Ad</span> <span class='ocrx_word' id='word_1_285' title='bbox 261 3192 395 3244; x_wconf 90' lang='lat' dir='ltr'>tumores</span> <span class='ocrx_word' id='word_1_286' title='bbox 419 3192 448 3244; x_wconf 93' lang='lat' dir='ltr'>et</span> <span class='ocrx_word' id='word_1_287' title='bbox 470 3184 506 3244; x_wconf 90' lang='lat' dir='ltr'>ad</span> <span class='ocrx_word' id='word_1_288' title='bbox 530 3182 648 3244; x_wconf 91' lang='lat' dir='ltr'>dolores</span> <span class='ocrx_word' id='word_1_289' title='bbox 672 3185 751 3244; x_wconf 89' lang='lat' dir='ltr'>auris</span> <span class='ocrx_word' id='word_1_290' title='bbox 775 3184 897 3263; x_wconf 89' lang='lat' dir='ltr'>prodest</span> <span class='ocrx_word' id='word_1_291' title='bbox 919 3186 1001 3245; x_wconf 89' lang='lat' dir='ltr'>croci</span> <span class='ocrx_word' id='word_1_292' title='bbox 1024 3192 1054 3244; x_wconf 92' lang='lat' dir='ltr'>et</span> <span class='ocrx_word' id='word_1_293' title='bbox 1077 3185 1136 3263; x_wconf 92' lang='lat' dir='ltr'>opii</span> <span class='ocrx_word' id='word_1_294' title='bbox 1155 3202 1207 3262; x_wconf 89' lang='lat' dir='ltr'>par</span> <span class='ocrx_word' id='word_1_295' title='bbox 1292 3179 1293 3266; x_wconf 83' lang='grc'>4</span> 
     </span>
    </p>
   </div>
   <div class='ocr_carea' id='block_1_3' title="bbox 141 3271 1293 3352">
    <p class='ocr_par' dir='ltr' id='par_1_13' title="bbox 141 3271 1293 3352">
     <span class='ocr_line' id='line_1_35' title="bbox 141 3271 1293 3352; baseline 0 -19"><span class='ocrx_word' id='word_1_296' title='bbox 141 3285 175 3334; x_wconf 85' lang='grc'>49</span> <span class='ocrx_word' id='word_1_297' title='bbox 194 3272 312 3352; x_wconf 91' lang='lat' dir='ltr'>pondus</span> <span class='ocrx_word' id='word_1_298' title='bbox 335 3291 371 3332; x_wconf 91' lang='lat' dir='ltr'>ex</span> <span class='ocrx_word' id='word_1_299' title='bbox 394 3291 469 3352; x_wconf 91' lang='lat' dir='ltr'>aqua</span> <span class='ocrx_word' id='word_1_300' title='bbox 493 3275 597 3334; x_wconf 91' lang='lat' dir='ltr'>tritum</span> <span class='ocrx_word' id='word_1_301' title='bbox 621 3283 673 3333; x_wconf 88' lang='lat' dir='ltr'>aut</span> <span class='ocrx_word' id='word_1_302' title='bbox 696 3291 731 3332; x_wconf 94' lang='lat' dir='ltr'>ex</span> <span class='ocrx_word' id='word_1_303' title='bbox 756 3275 822 3333; x_wconf 88' lang='lat' dir='ltr'>vino</span> <span class='ocrx_word' id='word_1_304' title='bbox 846 3276 928 3333; x_wconf 92' lang='lat' dir='ltr'>tenui</span> <span class='ocrx_word' id='word_1_305' title='bbox 953 3273 1093 3334; x_wconf 89' lang='lat' dir='ltr'>infusum.</span> <span class='ocrx_word' id='word_1_306' title='bbox 1131 3271 1205 3350; x_wconf 88' lang='lat' dir='ltr'>Opo-</span> <span class='ocrx_word' id='word_1_307' title='bbox 1292 3273 1293 3348; x_wconf 77' lang='grc'>4</span> 
     </span>
    </p>
   </div>
   <div class='ocr_carea' id='block_1_4' title="bbox 193 3406 1204 3620">
    <p class='ocr_par' dir='ltr' id='par_1_14' title="bbox 193 3406 1204 3620">
     <span class='ocr_line' id='line_1_36' title="bbox 266 3406 1204 3478; baseline 0.001 -18"><span class='ocrx_word' id='word_1_308' title='bbox 266 3406 392 3462; x_wconf 82' lang='lat' dir='ltr'>2rubici</span> <span class='ocrx_word' id='word_1_309' title='bbox 410 3408 560 3463; x_wconf 90' lang='lat' dir='ltr'>senobidis.</span> <span class='ocrx_word' id='word_1_310' title='bbox 615 3409 773 3477; x_wconf 81' lang='lat' dir='ltr'>bpeslelli.</span> <span class='ocrx_word' id='word_1_311' title='bbox 828 3408 978 3478; x_wconf 82' lang='lat' dir='ltr'>8oportil.</span> <span class='ocrx_word' id='word_1_312' title='bbox 1030 3407 1204 3462; x_wconf 67' lang='lat' dir='ltr'>finderetur.</span> 
     </span>
     <span class='ocr_line' id='line_1_37' title="bbox 196 3479 1204 3548; baseline 0.001 -17"><span class='ocrx_word' id='word_1_313' title='bbox 196 3485 229 3532; x_wconf 74' lang='lat'>12</span> <span class='ocrx_word' id='word_1_314' title='bbox 248 3494 393 3534; x_wconf 82' lang='lat' dir='ltr'>rosaceum</span> <span class='ocrx_word' id='word_1_315' title='bbox 411 3484 460 3533; x_wconf 78' lang='lat' dir='ltr'>Im</span> <span class='ocrx_word' id='word_1_316' title='bbox 478 3479 617 3534; x_wconf 84' lang='lat' dir='ltr'>rosecium</span> <span class='ocrx_word' id='word_1_317' title='bbox 635 3485 698 3534; x_wconf 79' lang='lat' dir='ltr'>2m.</span> <span class='ocrx_word' id='word_1_318' title='bbox 777 3486 809 3533; x_wconf 82' lang='lat'>13</span> <span class='ocrx_word' id='word_1_319' title='bbox 829 3495 982 3548; x_wconf 74' lang='lat' dir='ltr'>caprimum</span> <span class='ocrx_word' id='word_1_320' title='bbox 1002 3485 1050 3534; x_wconf 89' lang='lat' dir='ltr'>1m</span> <span class='ocrx_word' id='word_1_321' title='bbox 1068 3495 1204 3548; x_wconf 73' lang='lat' dir='ltr'>aprunum</span> 
     </span>
     <span class='ocr_line' id='line_1_38' title="bbox 193 3549 1203 3620; baseline 0.001 -16"><span class='ocrx_word' id='word_1_322' title='bbox 193 3554 253 3604; x_wconf 61' lang='lat' dir='ltr'>dm.</span> <span class='ocrx_word' id='word_1_323' title='bbox 311 3555 342 3604; x_wconf 75' lang='lat'>17</span> <span class='ocrx_word' id='word_1_324' title='bbox 363 3551 453 3605; x_wconf 86' lang='lat' dir='ltr'>astlae</span> <span class='ocrx_word' id='word_1_325' title='bbox 471 3550 561 3619; x_wconf 77' lang='lat' dir='ltr'>rigiue</span> <span class='ocrx_word' id='word_1_326' title='bbox 579 3549 696 3604; x_wconf 84' lang='lat' dir='ltr'>radices.</span> <span class='ocrx_word' id='word_1_327' title='bbox 751 3555 786 3604; x_wconf 83' lang='lat'>34</span> <span class='ocrx_word' id='word_1_328' title='bbox 803 3550 926 3604; x_wconf 88' lang='lat' dir='ltr'>infusum</span> <span class='ocrx_word' id='word_1_329' title='bbox 944 3550 1060 3620; x_wconf 81' lang='lat' dir='ltr'>prodest</span> <span class='ocrx_word' id='word_1_330' title='bbox 1077 3551 1203 3619; x_wconf 76' lang='lat' dir='ltr'>(repetit).</span> 
     </span>
    </p>
   </div>
   <div class='ocr_carea' id='block_1_5' title="bbox 0 0 1310 4017">
    <p class='ocr_par' dir='ltr' id='par_1_15' title="bbox 0 0 1310 4017">
     <span class='ocr_line' id='line_1_39' title="bbox 0 0 1310 4017; baseline 0 0"><span class='ocrx_word' id='word_1_331' title='bbox 0 0 1310 4017; x_wconf 95' lang='lat' dir='ltr'> </span> 
     </span>
    </p>
   </div>
  </div>
 </body>
</html>
