2609 4017
474 176 716 241 -131—

79 341 185 419 coqui,
210 339 305 400 donec
325 341 453 418 spissum
474 339 525 400 fiat
543 338 802 401 medicamentum.
834 339 898 403 Hoc
917 343 1014 425 ctiam,
1033 363 1102 406 cnm

79 430 222 508 eruperit
242 430 426 510 suppuratio,
444 431 491 489 uti
510 427 673 508 oportebit3
695 438 840 508 expurgat
858 431 937 491 enim
956 440 986 492 et
1003 433 1103 510 explet

79 520 194 578 omnia.
231 516 322 577 Uvam
346 519 506 597 supprimit
528 517 580 577 diu
603 518 750 578 iacentem
775 517 817 578 sal
836 526 866 579 et
884 519 958 599 galla
977 528 1102 582 contusa
1120 533 1138 582 4

79 609 189 686 aequis
218 605 403 685 ponderibus
430 606 559 667 admixta
589 616 620 666 et
649 608 689 667 ita
720 624 774 685 per
802 606 929 668 cocliarc
957 608 1101 691 adposita,

51 698 155 758 sitem
184 694 280 774 gabae
308 693 396 775 illl,
423 698 501 756 aeris
527 695 610 756 tloris
638 695 665 755 ii
687 693 727 776 11,
753 714 909 758 menarum
936 700 1000 758 sine
1029 701 1100 780 ovis,

79 785 111 845 id
142 793 190 845 cst
218 785 346 862 piscium
375 782 536 865 salsorum,
566 785 662 862 capita
690 783 724 844 X.
771 783 850 846 ilaec
882 787 1101 848 comburuntur

80 881 113 933 et
141 875 183 933 ita
212 874 322 934 ceteris
349 871 425 932 bene
452 874 532 933 tritis
559 874 629 933 trita
661 872 881 955 admiscentur,
914 875 966 936 scd
998 884 1101 954 postea

80 961 179 1023 nihilo
208 963 308 1021 minus
335 962 367 1020 in
395 979 488 1022 unum
516 961 628 1022 diutius
656 969 804 1023 teruntur.
854 962 979 1043 Oportet
1002 972 1101 1026 autem

81 1053 166 1130 tangi
185 1050 279 1128 digito
298 1050 399 1110 umido
417 1050 665 1111 medicamentum
685 1058 716 1111 et
734 1053 777 1111 sic
796 1070 882 1112 uvam
902 1052 939 1113 ab
957 1055 1015 1113 imo
1035 1071 1099 1114 reo·

38 1148 145 1202 1otam
173 1139 226 1200 diu
254 1140 401 1218 supprimi
427 1157 547 1200 sursum
573 1157 686 1200 versus.
727 1140 771 1200 Ad
794 1143 902 1201 arteria
926 1150 1097 1220 exasperata
1120 1155 1136 1204 5

80 1228 234 1308 simplicia
257 1228 377 1307 quidem
400 1227 473 1289 baec
497 1228 622 1289 iaciunt:
658 1227 776 1289 Gummi
799 1229 1031 1290 Alexandrinum
1055 1230 1101 1290 vel

80 1316 314 1396 tragacantbum
336 1334 391 1395 per
413 1335 445 1377 se
470 1316 649 1395 sublingua
673 1325 836 1399 retentum3
860 1319 913 1379 sed
937 1322 1100 1398 composita

80 1406 158 1467 baec
184 1405 221 1466 ad
244 1413 394 1466 tumorem
412 1408 539 1466 arteriae
562 1408 688 1466 maxime
712 1414 851 1486 prosunt:
874 1408 1032 1486 Papaveris
1052 1407 1101 1469 sil·

81 1496 176 1556 vatici
190 1497 250 1555 iam
263 1496 381 1570 maturi,
400 1494 504 1555 viridis
522 1502 621 1557 tamen
640 1495 737 1557 adhuc
756 1497 852 1576 capita
873 1497 1101 1576 quamplurima

41 1606 68 1646 15
82 1602 156 1645 vaso
181 1583 266 1644 tictili
289 1585 458 1644 coiciuntur
487 1591 576 1664 atque
601 1603 677 1664 aqua
701 1585 927 1664 superfunditur
949 1592 1044 1666 tanta,
1067 1594 1102 1646 ut

83 1675 242 1753 supersint
265 1672 302 1732 de
324 1673 444 1734 vasculo
467 1673 526 1733 duo
549 1672 596 1734 vel
619 1682 681 1734 tres
705 1673 805 1753 digiti3
828 1673 901 1733 haec
925 1672 978 1733 ubi
1001 1672 1100 1733 triduo

82 1769 236 1823 macerata
264 1761 387 1843 inerint,
415 1761 519 1822 eodem
542 1780 611 1822 vaso
639 1763 857 1840 incoquuutur‚
884 1761 979 1822 donec
1002 1761 1101 1823 made·

84 1859 185 1932 scant3
204 1857 308 1930 postea
327 1852 536 1929 exprimuntur
554 1852 711 1928 omnisque
728 1867 820 1928 aquae
836 1849 1000 1928 percolatae
1015 1851 1100 1930 prius

85 1938 247 2020 diligenter
261 1956 401 1999 mensura
414 1942 542 2018 capitur,
556 1939 590 1999 ad
607 1941 694 1999 cuius
709 1937 886 2000 soliditatem
901 1939 996 2000 mellis
1011 1940 1102 2000 Attici

45 2049 72 2088 no
86 2036 195 2107 quarta
213 2046 283 2107 pars
302 2029 459 2108 miscetur;
478 2027 584 2089 deinde
603 2030 634 2088 in
649 2027 762 2106 duplici
776 2045 844 2088 vaso
859 2035 918 2088 tam
934 2028 984 2089 diu
1000 2031 1101 2109 coqui·

85 2125 148 2198 tur,
166 2117 262 2177 donec
280 2116 376 2177 mellis
394 2115 501 2177 babeat
515 2116 748 2196 spissitudinem.
774 2115 838 2177 Hoc
852 2117 1100 2178 medicamentum

86 2205 169 2267 etad
186 2204 336 2266 auriculae
350 2212 497 2266 tumorem
512 2213 543 2266 et
559 2205 595 2266 ad
610 2207 717 2266 tussim
732 2206 809 2266 iacit.
837 2205 938 2266 Altera
956 2205 1100 2267 artc'riacc
1120 2221 1136 2272 c

87 2295 124 2355 ad
148 2294 275 2354 tluorcm
298 2297 424 2354 arteriae
453 2302 482 2355 et
505 2295 542 2355 ad
565 2297 741 2356 raucitatem
770 2294 859 2355 etad
883 2297 988 2356 tussim
1013 2294 1101 2355 etad

88 2385 219 2462 spissum
239 2400 345 2443 sonum
364 2384 454 2463 vocis,
473 2385 581 2462 accipit
596 2382 685 2444 baec:
705 2382 903 2463 Tragacantbi
917 2383 942 2444 il
956 2382 1002 2464 Vl,
1017 2401 1100 2462 gum-

46 2493 72 2532 25
86 2475 145 2533 mis
167 2471 331 2552 acanthini‚
360 2471 438 2549 quod
468 2490 504 2532 ex
531 2471 702 2533 vermiculis
731 2474 783 2551 qui
812 2471 872 2532 illic
900 2479 970 2532 sunt
997 2489 1100 2531 verum

86 2560 221 2641 docetur,
235 2559 316 2639 avt,
329 2577 448 2620 murrae
460 2560 516 2642 xl,
530 2563 607 2622 turis
622 2561 760 2620 denarios
774 2559 810 2638 11,
825 2559 973 2638 crocilil
988 2561 1101 2639 piperis

85 2649 144 2710 albi
163 2667 256 2728 grana
274 2647 337 2729 XX,
360 2650 540 2710 cariotarum
563 2650 729 2710 recentium
754 2649 846 2708 trium
864 2646 970 2727 pulpas
989 2645 1101 2707 medias

85 2737 220 2799 detracta
244 2741 390 2798 exteriore
414 2746 499 2818 cute,
525 2757 599 2799 uvae
622 2755 726 2816 passae
751 2738 942 2814 incorruptae
965 2737 1100 2814 purgatis

86 2825 283 2888 interioribus
301 2828 401 2906 granis
420 2825 446 2885 il
464 2826 538 2888 v111.
576 2826 693 2888 Gummi
717 2833 747 2886 et
766 2823 990 2903 tragacanthum
1013 2841 1100 2904 passo

46 2935 73 2974 ao
87 2915 205 2977 Cretico
229 2933 290 2976 uno
313 2915 361 2975 dic
391 2925 422 2975 ct
444 2933 503 2975 una
532 2922 620 2976 nocte
647 2916 793 2976 macerari
821 2921 953 2995 oportet,
979 2921 1100 2992 postero

86 3003 133 3064 die
156 3003 218 3084 pilo
242 3002 353 3064 mundo
376 3003 520 3064 contundi
544 3012 575 3064 et
597 3012 695 3064 cetera
721 3004 790 3064 trita
817 3005 957 3063 mortario
982 3005 1100 3064 curiose
1180 3019 1182 3023 ·

85 3093 258 3171 admisceri3
280 3091 349 3151 indc
372 3091 437 3152 dari
460 3091 548 3152 debet
571 3091 654 3152 labae
678 3092 891 3170 magnitudinis
910 3091 1048 3170 globulus
1071 3101 1101 3152 et

85 3180 142 3241 sub
161 3181 262 3258 lingua
279 3181 375 3240 teneri
390 3187 420 3240 et
434 3180 570 3240 devorari
584 3183 684 3241 statim
700 3180 778 3260 qnod
794 3179 986 3259 liquefactum
1001 3181 1100 3240 fucrit.
1175 3239 1182 3246 ,

84 3267 148 3329 Hoc
172 3268 421 3329 medicamentum
449 3271 553 3347 pipere
577 3269 711 3330 detracto
740 3278 769 3329 et
793 3268 828 3328 ad
852 3275 1000 3329 tumorem
1024 3275 1100 3328 arte·

157 3409 173 3458 ³
193 3401 243 3458 diu
262 3403 415 3476 iacentem]
434 3403 512 3458 divio
530 3407 652 3460 centum.
743 3404 837 3458 otios.
929 3406 944 3455 9
963 3400 1097 3455 umidum.

87 3480 120 3529 10
154 3491 264 3530 sussum
291 3492 396 3532 versos.
550 3475 682 3531 arteriam
711 3473 906 3543 exasperatam
939 3471 1099 3531 Carnarius.

87 3553 120 3601 12
135 3546 324 3601 trachantum.
383 3552 418 3601 24
431 3547 609 3617 tragogandi.
674 3552 707 3600 27
723 3543 821 3615 trium]
837 3542 936 3600 arium.
1000 3544 1099 3612 pallas.

906 3631 1027 3686 9*-

1124 3773 1194 3986 Γ
