2609 4017
584 166 797 231 „30-

185 338 286 391 coctos
304 332 447 410 inponere
470 330 543 391 utile
562 338 608 391 est
626 329 673 391 vel
692 329 798 390 bulbos
817 328 917 389 scillae
936 347 973 389 ex
990 346 1067 407 aqua
1087 336 1213 408 coctos,

184 421 225 480 ita
249 426 283 479 ut
305 418 443 480 aluminis
466 417 570 499 liquidi
592 418 769 480 tantundem
791 417 932 497 ponderis
951 418 1155 478 admisceatur
1175 426 1212 478 et

132 518 165 572 22
185 510 228 569 sio
252 516 342 587 caput
364 506 514 569 inlinatur.
550 508 594 568 Ad
613 526 657 590 ea,
678 526 754 586 quae
775 508 946 569 fervescunt
963 508 994 566 in
1012 508 1111 585 capite
1131 524 1211 567 cum

184 596 311 677 rubore,
338 595 391 656 lini
418 614 519 657 semen
548 604 709 657 contusum
736 604 767 658 et
789 595 875 657 melle
898 613 1094 674 consparsum
1113 597 1209 673 inpo-

132 701 166 750 23
186 686 317 746 nendum
340 692 394 745 est.
432 685 477 745 Ad
500 688 605 765 capitis
629 685 747 746 dolores
769 688 801 745 in
820 684 910 746 febri:
932 684 1027 745 Rutae
1046 683 1236 748 silvaticaes

186 775 308 834 seminis
336 773 381 833 vel
409 782 493 835 rutae
522 775 631 836 noditis
659 774 782 856 radicis,
813 792 850 835 ex
877 792 935 852 qua
957 773 1031 833 rhus
1053 774 1208 851 nascitur,

184 880 314 943 murrae,
332 863 475 943 pyrethri,
493 861 668 944 aphronitri,
687 862 757 923 salis
773 864 958 942 ammoniaci,
976 864 1088 941 piperis
1108 860 1207 942 longi,

184 949 313 1011 hederae
337 950 418 1012 albae
441 951 580 1012 foliorum
605 952 650 1013 vel
673 952 827 1033 bacarum,
849 950 964 1030 bidelli,
987 949 1115 1032 galbani,
1137 950 1204 1010 bal·

185 1042 268 1121 sami,
286 1042 340 1100 iris
358 1040 500 1121 illyricae,
519 1039 702 1119 singularum
722 1043 889 1121 specierum
908 1039 1049 1120 Xdenos,
1069 1041 1204 1101 castorei

185 1128 210 1189 X
234 1128 301 1209 llll,
330 1128 427 1191 balani
449 1132 639 1209 unguentarii
663 1129 689 1189 X
707 1129 746 1210 ll,
773 1130 886 1190 thamni
909 1128 935 1188 X
955 1127 988 1189 X
1034 1128 1118 1190 Trita
1136 1146 1245 1193 om-1o

184 1219 232 1279 nia
260 1220 291 1278 in
320 1236 412 1278 unum
440 1220 609 1279 coiciuntur
636 1236 706 1279 cum
733 1220 810 1279 aceti
837 1217 967 1279 scillitici
989 1226 1134 1296 quantum
1160 1218 1203 1277 sit

142 1383 146 1388 ,
183 1306 258 1367 libra
282 1325 348 1367 una.
386 1306 444 1367 Sed
468 1310 509 1368 ita
527 1306 742 1387 temperabitur
761 1307 952 1388 medicamen,
975 1306 1070 1367 donec
1094 1308 1200 1386 spissi·

184 1395 319 1455 tudinem
341 1394 438 1456 mellis
456 1398 590 1478 recipiat,
612 1404 702 1475 atque
725 1398 766 1457 ita
788 1403 952 1475 reponetur
973 1397 1005 1455 in
1024 1413 1092 1455 raso
1112 1393 1200 1455 fictili

184 1492 214 1543 et
236 1502 304 1544 cum
329 1502 404 1563 opus
426 1485 525 1565 luerit,
547 1485 617 1545 inde
637 1494 772 1547 sumetur
791 1492 933 1564 quantum
953 1486 1026 1545 satis
1044 1486 1091 1565 sit,
1116 1482 1199 1563 quod

182 1574 215 1632 in
248 1572 367 1633 linteolo
399 1573 475 1634 bene
507 1581 611 1635 tenero
644 1575 741 1652 spisso
768 1574 923 1654 inlinatur,
956 1579 1198 1652 perunctumque
1212 1596 1241 1637 ιι

131 1666 165 1716 24
183 1679 306 1722 rosaceo
330 1662 445 1724 modico
468 1665 638 1742 inponetur.
676 1662 709 1723 Si
732 1665 841 1723 vastior
864 1663 954 1723 luerit
978 1661 1062 1722 dolor
1081 1664 1197 1741 capitis,

184 1749 432 1813 medicamentum
455 1760 515 1813 tam
539 1754 669 1830 spissum
693 1752 744 1812 liat
766 1752 1017 1831 infrascriptum,
1041 1768 1131 1829 quam
1148 1758 1197 1810 est

184 1838 385 1921 emplastrum,
410 1848 440 1901 et
462 1840 583 1901 linteolo
607 1841 700 1901 denso
723 1843 896 1920 inponatur:
919 1840 995 1919 Agni
1018 1840 1141 1899 seminis
1165 1845 1197 1898 et

182 1927 347 2005 peucedani
366 1928 474 1989 radicis
494 1927 596 2008 Xllll,
619 1928 705 1989 iridis
723 1928 802 2009 Xll;
824 1937 909 1990 aceto
927 1930 1012 2007 prius
1031 1935 1196 1989 maceratas

183 2014 236 2074 has
265 2017 380 2093 species
409 2035 557 2096 excoques
586 2016 631 2077 rel
654 2017 820 2077 contundes
843 2027 873 2078 et
895 2036 963 2077 rosa
986 2016 1082 2077 dilues
1105 2024 1235 2095 atquem

129 2109 164 2159 ao
183 2104 224 2163 ita
247 2121 314 2164 raso
338 2106 427 2183 capiti
449 2107 583 2184 inpones
620 2105 665 2166 Ad
684 2105 874 2167 vehementes
893 2106 1069 2167 seminarum
1088 2106 1195 2184 capitis

182 2191 300 2253 dolores
319 2199 349 2252 et
369 2194 585 2276 suffocationes,
604 2214 680 2273 quiae
699 2194 736 2255 de
755 2194 840 2255 vulva
855 2196 985 2275 veniunt,
1004 2194 1083 2274 quod
1099 2211 1194 2272 genus

181 2280 357 2341 valetudinis
372 2281 477 2343 Graeci
491 2283 660 2363 hysteriocn
674 2285 762 2363 pniga
777 2291 891 2365 vocant,
909 2294 940 2344 et
957 2283 993 2343 ad
1007 2302 1067 2364 eos,
1082 2284 1135 2362 qui
1147 2301 1194 2343 ca·

182 2369 252 2429 duci
270 2370 468 2453 appellantur,
487 2380 517 2434 et
535 2373 572 2433 ad
592 2374 754 2433 freneticos
772 2380 803 2433 et
822 2374 874 2452 qui
890 2374 1050 2451 vertigines
1069 2370 1192 2433 habent:

183 2457 347 2538 Sphondyli
360 2458 386 2521 X
400 2478 461 2540 sex,
480 2463 608 2522 castorei
622 2460 647 2521 X
663 2460 708 2541 Vl,
721 2462 887 2541 peucedani
901 2460 927 2520 X
940 2461 975 2539 ll,
990 2480 1101 2522 nucum
1115 2478 1191 2521 ama·
1205 2484 1231 2525 ss

182 2565 282 2609 rarum
302 2547 328 2607 X
347 2547 391 2610 Vl.
433 2548 512 2611 Haec
535 2569 603 2611 cum
628 2558 712 2611 aceto
735 2558 766 2611 ct
789 2568 856 2611 rosa
879 2549 955 2611 bene
978 2552 1048 2611 trita
1072 2558 1102 2611 et
1125 2568 1191 2628 per·

129 2641 163 2691 no
183 2638 274 2697 mixta
289 2640 378 2717 capiti
393 2639 599 2701 infunduntur.
636 2640 681 2700 td
696 2640 827 2700 diutinos
842 2640 949 2717 capitis
963 2637 1090 2720 dolores,
1104 2641 1191 2699 etiam

182 2734 364 2807 veternosos,
388 2747 462 2806 quos
482 2728 587 2789 Graeci
605 2728 783 2806 lethargicos
801 2736 916 2809 vocant,
935 2736 965 2787 et
983 2728 1143 2788 freneticos
1162 2734 1191 2787 et

182 2814 218 2873 ad
238 2817 335 2876 omnia
355 2817 433 2896 vitia,
452 2835 526 2895 quae
542 2819 621 2876 circa
636 2824 726 2894 caput
741 2823 931 2894 generantur,
950 2816 1089 2877 etiamad
1104 2815 1189 2895 poda-

182 2920 277 2981 gram:
310 2902 401 2963 Cerae
429 2904 454 2963 X
477 2903 650 2982 LXXXllll,
674 2903 732 2964 olei
759 2907 868 2964 veteris
892 2904 918 2963 X
940 2903 1102 2983 LXXXlll,
1130 2903 1226 2969 alu-oo

182 2992 271 3051 minis
298 2993 362 3052 fissi
383 2992 409 3051 X
432 2991 482 3073 Vl,
510 2992 632 3071 glutinis
655 2994 766 3053 taurini
789 2992 815 3052 X
835 2991 874 3075 X,
903 2993 1067 3072 peucedani
1085 2992 1111 3051 X
1129 2991 1188 3072 XX,

182 3082 277 3141 casiae
293 3080 317 3140 X
333 3079 368 3159 X,
389 3081 504 3141 resinae
524 3081 742 3143 terebinthinae
757 3081 782 3141 X
797 3080 859 3160 XX,
878 3084 954 3161 picis
971 3081 1101 3161 liquidae
1116 3081 1141 3141 X
1155 3080 1186 3163 X,

182 3169 298 3248 galbani
316 3168 342 3228 X
362 3166 450 3248 Xllll,
470 3169 549 3230 aloes
568 3169 593 3229 X
609 3169 681 3231 XVl.
718 3169 881 3231 Taurinum
899 3170 1002 3249 gluten
1021 3189 1089 3231 oum
1108 3178 1187 3231 aceto

182 3258 217 3318 ad
236 3260 335 3336 ignem
355 3257 487 3339 solvitur,
508 3260 713 3337 peucedanum
732 3268 763 3321 et
781 3262 860 3320 casia
877 3263 945 3320 rino
961 3267 1109 3321 macerata
1122 3277 1186 3320 con·

254 3395 391 3447 teocius.
463 3394 576 3465 orbus]
596 3394 692 3448 chron.
757 3399 790 3449 10
809 3396 1010 3464 unguentariae
1031 3394 1184 3450 Ceraunios.

182 3469 215 3519 19
229 3464 346 3518 radices.
383 3469 418 3518 20
432 3480 599 3534 exquoques.
637 3470 671 3519 23
685 3464 798 3534 pignsn.
836 3471 870 3520 28
884 3466 1032 3521 veteranis.
1069 3472 1103 3521 31
1118 3466 1185 3535 glut

122 3534 255 3598 duis.
329 3540 362 3589 32
382 3534 473 3591 casiae
494 3534 521 3589 X
538 3536 564 3589 X
582 3552 632 3591 om.
706 3542 740 3590 33
759 3535 885 3591 taurinus
904 3537 1012 3607 glottis.
