2609 4017
571 151 809 216 -118—

182 319 348 378 lorinsecus
372 314 511 376 omnibus
534 317 614 374 vitiis
637 317 699 375 oris
722 315 868 374 infantum
892 314 992 373 statim
1017 310 1199 371 medebitur.

129 418 163 470 35
181 404 438 484 Medicamentum,
462 404 542 483 quod
565 404 636 464 iacit
654 403 696 464 ⁴ad
719 405 830 482 omnia,
852 404 1012 481 praecipue
1036 409 1134 460 autem
1161 400 1199 461 ad

182 513 216 556 ea
235 496 313 575 vitia,
333 495 458 572 quaein
481 511 534 553 ore
557 493 726 554 subsistunt
748 499 778 552 et
801 491 837 551 ad
861 491 1090 552 abalienationes
1113 489 1199 550 andi-

181 593 231 645 tus
260 591 290 643 et
316 582 352 642 ad
381 590 514 642 tumores
542 584 659 642 aurium
688 591 718 642 et
744 583 828 660 puris
851 580 921 640 inde
944 581 1142 640 manationem
1169 586 1199 637 et

182 672 315 734 dolorem
343 679 373 731 et
400 671 437 731 ad
460 670 617 750 palpebras
639 689 760 749 asperas
785 677 816 730 et
839 670 875 730 ad
898 668 998 730 ulcera
1022 667 1141 728 sordida
1166 669 1226 726 ins

183 759 277 821 oculis
300 769 389 839 atque
412 763 444 820 iu
466 778 523 820 auo
547 769 578 821 et
599 771 717 820 veretro
742 777 858 819 necnon
881 766 911 818 et
935 757 970 817 ad
990 755 1199 818 carbunculos.

182 849 232 909 Uti
255 857 354 909 autem
373 867 409 909 eo
427 857 554 928 oportet,
578 867 646 909 cum
666 847 875 908 resolvendum
893 856 924 908 et
942 846 1132 926 eliquandum
1152 853 1200 904 est

183 937 293 1016 aliquid
308 938 418 998 ulceris
435 956 503 998 cum
518 937 618 999 melle:
636 956 705 998 cum
721 945 820 998 autem
835 935 1110 1014 constringendum,
1129 951 1199 994 cum

181 1029 251 1087 vino
274 1035 407 1108 austero,
435 1027 489 1088 sed
512 1026 565 1087 ubi
586 1025 688 1088 ulcera
712 1027 881 1087 cicatricem
909 1023 1019 1085 ducere
1047 1021 1200 1102 oportebit

183 1123 235 1176 aut
258 1115 377 1176 sordida
399 1123 430 1176 et
452 1118 541 1176 taetri
559 1116 661 1176 odoris
680 1117 847 1195 expurgari,
866 1132 935 1174 cum
954 1123 1055 1174 ceroto
1074 1131 1112 1172 ex
1130 1129 1199 1172 rosa
1213 1129 1238 1168 ro

182 1205 271 1265 lacto.
315 1203 439 1264 Proficit
466 1212 565 1265 autem
599 1213 630 1265 et
658 1205 695 1264 ad
719 1211 868 1265 tumentes
892 1212 980 1282 atque
1011 1218 1199 1280 compressas

183 1294 310 1353 feminae
329 1292 430 1353 vulvas
449 1311 543 1373 prope
562 1311 596 1353 os
614 1295 710 1372 ipsius
728 1293 831 1354 vulvae
850 1291 1029 1372 adhibitum,
1052 1299 1098 1350 est
1118 1291 1199 1349 enim

129 1435 134 1443 .
183 1381 219 1441 ad
239 1382 337 1441 omnia
356 1381 511 1443 muliebria
528 1382 601 1443 utile
616 1399 685 1444 cum
699 1400 821 1442 rosaceo
836 1381 900 1441 oleo
915 1379 1091 1459 adpositum.
1115 1377 1199 1438 Facit

183 1470 333 1530 etiamad
356 1473 473 1531 narium
496 1473 567 1531 vitia
590 1480 621 1532 et
641 1471 766 1551 polypos
795 1479 825 1531 et
850 1477 949 1530 cetera
973 1467 1073 1530 ulcera
1096 1467 1199 1527 datur·

184 1577 242 1635 quc
256 1558 312 1638 his,
332 1560 384 1639 qui
398 1564 572 1638 sanguinem
586 1562 708 1639 eiciunt,
722 1569 866 1638 quantum
880 1558 945 1618 laba
960 1567 1008 1618 est
1020 1575 1088 1618 cum
1104 1574 1198 1634 aquae
1213 1571 1238 1612 15

184 1647 302 1709 duobus
320 1648 435 1728 cyathis
453 1649 579 1730 tepidae,
598 1651 707 1728 recipit
725 1658 825 1710 autem
843 1648 929 1708 haec:
948 1646 1200 1724 Crocomagmatis

184 1739 289 1815 optimi
312 1735 338 1796 X
363 1736 413 1817 Vl,
440 1740 531 1798 misni
558 1740 620 1799 usti
641 1737 668 1800 ll
691 1737 730 1819 V,
758 1737 896 1798 aluminis
926 1736 1048 1796 rotundi
1075 1733 1100 1794 ll
1125 1733 1199 1811 Vlll,

183 1843 270 1886 rosae
289 1825 388 1885 aridae
408 1825 434 1886 X
452 1826 501 1906 ΙΙΙ,
524 1829 601 1887 aeris
619 1827 703 1888 doris
722 1826 748 1887 ll
767 1825 830 1906 llll,
853 1825 945 1904 gallae
965 1824 1102 1904 Syriacae
1122 1821 1147 1882 h
1167 1821 1200 1902 V,

184 1913 322 1990 omphaci
341 1914 417 1974 aridi
435 1913 460 1973 ll
476 1913 548 1995 Vlll,
572 1932 712 1994 squamae
731 1917 809 1976 aeris
824 1914 850 1974 ll
863 1913 910 1994 Vl,
929 1912 1095 1974 chalcitidis
1113 1920 1198 1972 ustae

184 2000 289 2082 llVll,
312 2001 408 2062 mellis
430 2003 598 2081 despumati
616 2002 647 2064 θ
667 2005 688 2065 l.
732 2003 811 2065 llaec
834 2005 931 2064 omnia
956 2019 1091 2063 seorsum
1114 2003 1200 2080 prius
1213 2018 1238 2056 20

185 2099 215 2149 et
242 2091 409 2171 inunum,
436 2099 540 2170 postea
568 2112 636 2153 eum
660 2095 728 2154 vino
753 2095 822 2154 trita
845 2093 975 2153 admixto
998 2109 1085 2171 passo
1109 2098 1198 2168 atque

184 2177 271 2238 melle
298 2188 471 2257 coquuntur
497 2181 580 2242 molli
605 2201 703 2261 pruna
725 2185 757 2242 in
779 2200 849 2242 vaso
872 2181 956 2242 rubri
979 2183 1070 2261 aeria,
1099 2179 1129 2238 id
1153 2188 1200 2238 est

185 2284 306 2348 cupreo,
325 2269 366 2327 ita
380 2276 415 2328 ut
429 2268 554 2331 subinde
568 2273 698 2350 agitetur
713 2279 743 2332 et
757 2276 902 2350 coquatur
916 2270 1090 2349 lentissime,
1104 2269 1199 2328 donec

184 2355 279 2416 mellis
303 2358 528 2435 spissitudinem
550 2359 671 2440 habeat3
699 2361 779 2439 quod
802 2360 1051 2420 medicamentum
1075 2357 1199 2418 recondi

132 2456 166 2505 36
185 2443 275 2506 debet
301 2447 333 2506 in
360 2448 466 2527 pyxide
494 2467 603 2528 cyprea
629 2457 660 2509 et
683 2451 802 2528 signari.
848 2448 892 2508 Ad
921 2466 964 2528 ea,
993 2465 1068 2526 quae
1092 2448 1124 2506 iu
1146 2460 1238 2506 oreta

185 2534 363 2617 subsistunt,
386 2545 416 2597 et
438 2537 474 2597 ad
493 2537 688 2616 puerulorum
707 2537 754 2599 rel
774 2538 921 2597 infantum
940 2535 1040 2597 ulcera
1059 2533 1198 2614 pestilen-

184 2624 274 2686 tiosa:
307 2624 394 2686 Croci
416 2625 528 2708 Xllll,
552 2643 668 2706 myrrae
693 2625 787 2706 llVl,
815 2625 907 2704 gallae
931 2624 1069 2704 Syriacae
1093 2621 1199 2702 llllll,

185 2712 324 2774 aluminis
347 2715 410 2774 lissi
434 2715 517 2793 llll,
541 2717 618 2776 turis
642 2714 725 2795 llll,
749 2733 834 2775 rosae
858 2715 940 2775 lloris
964 2713 1059 2792 llVl,
1087 2713 1198 2792 glycyr-

183 2800 283 2861 rhizae
307 2805 373 2862 suci
396 2802 422 2861 X
441 2801 513 2883 Vlll,
536 2805 590 2864 iris
613 2802 639 2862 ll
658 2803 708 2883 Vl,
732 2805 977 2882 crocomagmatis
1000 2800 1090 2880 XVI,
1113 2800 1199 2862 nardi

185 2887 300 2966 Syriaci
318 2889 390 2970 ΙΙΙ,
413 2892 525 2969 piperis
545 2891 633 2952 lllS
657 2902 687 2952 et
710 2895 775 2953 eius
794 2895 906 2970 tertiaS,
930 2893 1005 2952 costi
1023 2889 1054 2964 ll
1064 2889 1114 2970 ΙΙΙ,
1137 2892 1197 2951 cin·
1211 2906 1236 2945 co

186 2979 267 3037 nami
289 2976 385 3059 XVI,
409 2980 505 3039 casiae
529 2979 620 3062 XVI,
641 2980 703 3059 poli
727 2979 752 3040 ΙΙ
772 2980 807 3063 ΙΙ,
830 2980 927 3042 mellis
951 2979 1030 3060 quod
1055 2981 1126 3040 satis
1150 2981 1197 3039 sit

185 3063 264 3126 Haec
292 3068 363 3126 trita
390 3066 548 3146 diligenter
574 3081 831 3149 concorporantur
859 3071 944 3130 etin
969 3067 1086 3129 vasculo
1111 3085 1197 3128 aereo

184 3161 236 3213 aut
262 3155 357 3215 vitreo
385 3155 597 3219 custodiuntur
620 3170 650 3218 et
678 3177 747 3220 eum
778 3177 853 3238 opus
883 3171 941 3240 est,
972 3159 1051 3218 vitiis
1079 3159 1140 3216 oris
1167 3165 1197 3217 et

129 3254 166 3303 at
185 3242 315 3304 saucium
342 3245 474 3306 remedio
502 3247 689 3310 adhibentur.
737 3247 868 3308 Anthera
895 3248 932 3308 ad
956 3247 1057 3308 ulcera
1081 3254 1111 3306 et
1134 3261 1197 3306 san·

234 3456 290 3529 ,16
305 3449 419 3519 recepit.
475 3458 508 3507 18
522 3453 582 3508 flos.
638 3459 671 3509 19
687 3453 824 3508 calchitis.
879 3460 913 3509 2⁸1
928 3453 1034 3508 siricae.
1090 3458 1123 3507 28
1139 3450 1196 3520 gly-

185 3534 301 3574 cenzse.
374 3527 408 3576 30
428 3522 529 3580 siriaci.
601 3523 734 3594 31polli.
