2609 4017
463 184 703 249 -273—

80 365 113 407 ex
131 348 197 407 vino
213 346 346 427 Signino,
365 347 391 407 si
408 348 524 407 sincere
539 365 648 426 corpus
663 348 763 426 luerit,
777 346 873 408 detur.
906 345 968 408 Hoc
983 347 1088 407 efficax

80 435 325 496 medicamentum
338 443 392 515 est,
407 437 433 496 si
447 442 555 516 cetera,
569 454 645 514 quae
660 437 692 495 in
706 434 878 497 huiusmodi
890 437 989 496 causis
1003 454 1088 496 eura·

80 526 149 585 tioni
167 515 212 585 v'el
233 523 345 585 cibatui
363 530 434 585 sunt
452 526 628 605 necessaria,
648 523 854 587 observatione
869 531 900 585 et
913 526 1088 604 opportuni·

80 622 134 673 tate
156 630 291 691 congrua
314 612 393 673 liant.

57 722 68 762 a
162 701 313 783 Pastillus,
331 703 384 781 qui
402 700 540 781 clysterio
559 703 721 763 inmittitur
735 703 906 763 torminosis
920 720 975 781 per
989 720 1088 783 anum,
1106 714 1124 762 4

79 808 141 850 oum
164 789 244 851 olida
267 798 297 851 et
321 789 547 869 sanguinulenta
570 790 713 870 deiciunt,
735 790 765 851 id
790 798 835 851 est
858 809 927 852 cum
946 793 1089 852 intestina

79 897 177 939 eorum
201 897 311 940 cancer
334 882 497 960 occupavit,
520 897 580 958 quo
604 881 690 958 quasi
713 882 845 939 cauterio
869 889 941 941 tunc
959 887 1089 941 tantum·

79 967 160 1028 modo
179 970 226 1029 uti
246 975 372 1048 oportet,
391 967 502 1048 alioqui
519 977 617 1047 nocet,
634 967 763 1047 ideoque
783 966 992 1045 aquibusdam
1007 970 1089 1048 igno·

79 1055 210 1118 rantibus
233 1065 397 1135 usurpatus
420 1065 577 1117 accusatur
601 1058 688 1135 quasi
710 1058 843 1135 nociuus,
864 1058 972 1135 recipit
991 1064 1089 1117 autem

48 1144 162 1206 rohaec:
200 1144 327 1206 Chartae
359 1145 521 1206 conbustae
553 1147 664 1205 ciueris
697 1144 723 1204 X
756 1142 854 1224 XXX,
886 1144 976 1205 calcis
1007 1147 1089 1206 vivae

80 1232 102 1291 X
124 1232 243 1315 XXIIII,
267 1235 404 1313 arrenici,
427 1233 506 1312 quod
531 1242 576 1294 est
599 1235 860 1314 auripigmentum,
883 1232 909 1293 X
932 1232 999 1313 XII,
1023 1251 1089 1294 san-

59 1320 198 1401 daracae
217 1322 245 1382 X
263 1322 309 1383 VI.
345 1321 425 1383 Haec
443 1323 513 1383 trita
532 1324 601 1382 vino
620 1330 869 1403 consparguntur,
891 1324 924 1383 in
942 1340 1001 1402 quo
1020 1340 1090 1383 rosa

81 1421 107 1469 et
132 1410 275 1472 lenticula
302 1413 387 1490 prius
416 1419 599 1491 coquuntur,
629 1419 664 1471 ut
690 1413 807 1492 possint
834 1412 901 1471 fieri
926 1409 1036 1491 pastilli
1064 1409 1090 1470 X

81 1498 168 1559 duum
190 1508 245 1561 aut
267 1502 370 1580 unius3
385 1510 465 1561 cum
487 1518 563 1578 opus
587 1507 645 1580 est,
669 1501 778 1560 teritur
800 1517 878 1559 unus
901 1499 1037 1577 pastillus
1061 1507 1092 1559 et

49 1606 70 1647 15
81 1589 240 1649 inmittitur
267 1606 321 1668 per
349 1606 468 1668 aquam,
502 1595 535 1648 ut
565 1606 656 1668 supra
683 1589 829 1666 scriptum
856 1595 911 1666 est,
939 1587 1092 1647 decoctam

82 1694 145 1736 cum
167 1695 238 1737 rosa
262 1685 292 1738 et
309 1676 458 1757 lenticula,
482 1678 508 1737 si
531 1676 630 1737 lehres
650 1682 749 1755 erunt,
772 1677 819 1735 sin
837 1678 945 1754 minus,
968 1692 1005 1735 ex
1025 1676 1092 1735 vino

83 1764 178 1825 eadem
208 1766 332 1826 decocta
359 1765 443 1826 utilia
471 1774 568 1826 erunt.
609 1764 694 1830 Facit
716 1763 792 1824 bene
816 1771 847 1823 et
869 1772 982 1843 myrtae
1006 1763 1093 1824 lasci-

83 1852 161 1914 culns
185 1872 257 1915 eum
280 1854 400 1915 oleastri
418 1852 464 1913 vel
483 1853 576 1914 olivae
595 1854 718 1914 ramulis
737 1859 866 1931 utroque
885 1851 983 1931 modo,
1004 1857 1095 1931 prout

84 1958 127 2001 res
151 1944 294 2024 exegerit,
317 1945 462 2004 incoctus.

50 2047 71 2088 eo
166 2031 254 2093 Potio
277 2040 385 2112 autem,
408 2049 478 2092 cum
500 2032 659 2091 inmissum
682 2030 773 2091 luerit
791 2047 881 2110 supra
900 2029 1012 2091 dictum
1033 2038 1131 2089 mot

83 2117 288 2202 dicamentum,
310 2120 384 2180 haec
407 2121 553 2181 convenit.
594 2118 628 2179 ln
651 2127 771 2179 noctem
793 2120 824 2179 in
848 2136 923 2198 aqua
947 2120 1095 2197 catapotia

83 2205 195 2289 dantur,
220 2226 295 2287 quae
314 2209 390 2269 liunt
408 2210 466 2269 sio:
488 2206 604 2287 llyrrae
623 2207 649 2268 X
668 2206 703 2288 II,
726 2207 796 2287 lycii
814 2206 840 2267 X
859 2206 908 2287 ΙΙΙ,
932 2208 1009 2267 turis
1028 2205 1054 2266 X
1071 2204 1094 2284 Ι,

83 2298 129 2374 opi
146 2296 171 2357 X
190 2297 213 2378 Ι,
237 2297 317 2357 aloes
335 2296 361 2357 X
379 2295 414 2377 ΙΙ,
437 2298 552 2358 acaciae
572 2295 679 2377 XIIII,
703 2304 816 2374 myrtae
835 2295 976 2357 bacarum
994 2297 1092 2374 nigra·

84 2401 146 2446 rum
169 2384 265 2466 XVI,
293 2404 418 2446 ovorum
445 2404 482 2445 ex
509 2393 593 2445 aceto
619 2392 774 2445 coctorum
797 2383 912 2444 vitellos
935 2382 971 2443 II.
1014 2382 1093 2442 Haec

50 2489 71 2530 aa
84 2475 149 2534 trita
172 2477 242 2536 vino
262 2475 440 2535 Surrentino
459 2481 699 2554 consparguntur
718 2480 749 2532 et
767 2472 843 2531 liunt
861 2470 970 2550 pastilli
989 2469 1015 2531 X
1034 2472 1093 2529 sin·

85 2562 232 2643 gulorum,
260 2563 368 2624 dantur
395 2561 634 2623 lebrlcitantibus
663 2579 701 2621 ex
728 2576 822 2638 aquae
850 2556 963 2638 cyathis
986 2556 1094 2636 tribus,

85 2652 145 2711 sine
167 2651 261 2733 febre,
284 2670 320 2711 ex
344 2654 435 2712 musti
459 2651 628 2711 Surrentini
650 2648 765 2728 cyathis
788 2646 914 2708 duobus.

169 2741 214 2801 Ad
229 2742 342 2801 ventris
356 2738 489 2800 dolorem
503 2747 534 2799 et
547 2738 729 2799 inflationem
742 2738 953 2797 intestinorum
968 2740 999 2793 et
1011 2751 1095 2813 prae·
1116 2746 1133 2793 a

87 2828 253 2890 cordiorum
276 2828 394 2889 dolores
418 2836 448 2888 et
471 2827 507 2888 ad
526 2826 667 2888 convulsa
685 2833 717 2886 et
733 2832 823 2904 rupta
841 2827 992 2885 interanea
1012 2830 1041 2882 et
1060 2821 1097 2881 ad

53 2918 187 2978 murinae
212 2916 415 2978 difficultatem
438 2916 603 2977 remedium
627 2917 685 2976 sic:
711 2913 834 2975 PanacIs
857 2911 964 2993 XIIII,
987 2913 1099 2991 piperis

88 3001 195 3087 XIIII,
224 3004 311 3067 dauci
338 3004 449 3066 Cretici
475 3003 585 3065 radicis
612 3003 660 3064 vel
687 3004 810 3063 seminis
838 3001 864 3062 X
888 3000 941 3084 VI,
969 2999 1101 3081 sulpuris

89 3094 144 3153 vivi
170 3094 196 3155 X
221 3092 254 3174 S,
282 3095 343 3173 opii
372 3093 445 3154 duas
473 3094 614 3154 tertiasve
642 3100 743 3172 partes
771 3092 921 3153 vlotoriati
950 3089 1101 3169 ponderis,

91 3185 214 3245 castorei
236 3182 262 3243 X
283 3181 316 3263 S,
344 3200 460 3261 myrrae
483 3180 576 3241 XIII.
617 3179 697 3241 Haeo
725 3182 796 3241 trita
826 3188 857 3240 et
880 3178 1010 3241 cribrata
1033 3177 1102 3235 vino

91 3279 327 3352 consparguntur
350 3278 380 3332 et
402 3288 438 3331 ex
462 3269 509 3331 his
532 3270 608 3331 liunt
630 3267 740 3348 pastilli
764 3266 976 3348 magnitudinis
997 3264 1103 3343 lupini.

179 3484 196 3532 4
214 3477 415 3547 oportunitate.
470 3482 486 3531 8
505 3475 548 3530 uti
566 3492 583 3529 o
604 3473 691 3545 orici]
709 3472 883 3542 uitioporiet.
940 3475 973 3525 to
992 3471 1036 3526 eet
1053 3484 1104 3526 ean.

98 3551 128 3599 16
146 3548 317 3623 lenticulam.
395 3553 429 3602 30
448 3546 552 3618 piperis
616 3544 669 3598 IIII
687 3560 737 3599 oen.

147 3645 310 3700 Munornnus,
324 3656 364 3687 nn.
378 3648 536 3687 Hrnmrcm
913 3634 946 3683 18
