2609 4017
586 233 622 242 —
672 196 825 262 340-

142 375 176 424 49
284 361 473 439 Apostemata
498 367 532 420 ut
554 358 760 420 remolliantur
783 365 835 419 aut
858 359 884 418 si
907 356 1004 417 mollia
1029 357 1154 438 luerint,
1182 367 1218 419 ut

195 451 417 530 dispargantur,
445 449 535 509 iacies
558 447 807 508 medicamentum
829 446 902 528 tale,
926 464 985 526 quo
1007 445 1084 506 nihil
1105 454 1216 524 poten-

195 542 254 600 tius
283 546 343 599 est:
374 535 491 598 Herbae
519 535 665 597 marrubii
692 534 761 596 lolia
789 535 895 595 viridia
920 534 1087 596 contundes
1109 542 1165 596 aut
1188 537 1216 596 si

194 627 299 688 viridia
323 643 382 686 non
406 626 528 707 luerint,
550 624 682 685 involuta
705 623 784 685 loliis
806 623 917 684 malvae
941 622 987 684 rel
1009 641 1213 702 personeceae

195 715 250 777 sub
278 718 378 775 cincre
408 713 502 774 calido
531 732 655 794 coques;
683 711 790 773 deinde
818 730 924 792 panem
950 711 1110 773 candidum
1130 713 1243 773 inlu-e

194 822 261 864 sum
283 805 351 863 vino
376 804 471 863 veteri
493 801 584 864 addes
608 810 637 862 et
659 805 814 882 axungiam
833 799 974 862 miscebis
993 808 1025 861 et
1043 801 1154 862 tondes
1173 802 1211 862 de

181 891 274 970 nligno
302 894 333 952 in
362 891 458 971 lignea
485 891 557 972 pila,
589 890 641 951 sed
669 889 856 969 observabis,
884 897 919 950 ut
945 891 1031 968 panis
1058 890 1151 950 infusi
1181 899 1213 952 et

193 982 338 1059 axungiae
354 989 453 1059 partes
469 979 601 1058 singulae
616 981 685 1059 sint,
702 979 813 1039 herbae
827 996 898 1038 vero
911 986 1012 1057 partes
1027 978 1113 1058 duae,
1127 978 1211 1058 quod

194 1068 347 1148 emplastri
370 1087 452 1129 more
476 1087 561 1130 mane
585 1076 615 1128 et
638 1086 707 1128 sero
730 1067 804 1128 locis
827 1069 1004 1128 necessariis
1026 1068 1174 1145 impones.

141 1171 175 1220 co
284 1156 460 1237 Inguinibus
476 1157 611 1218 mirabile
625 1155 746 1218 exhibet
759 1157 924 1217 remedium
938 1174 975 1215 ex
990 1155 1152 1233 gallinacea
1165 1155 1213 1215 ala
1228 1173 1255 1212 ro

195 1247 356 1308 ossiculum
377 1253 543 1307 extremum
565 1244 711 1306 cocleario
730 1244 915 1307 terebratum
933 1243 1079 1323 nodisque
1094 1253 1213 1323 septem

194 1335 262 1395 licio
286 1334 409 1412 ligatum
433 1342 522 1414 atque
544 1336 586 1395 ita
609 1333 731 1394 brachio
754 1334 801 1395 vel
822 1335 905 1394 cruri
923 1335 989 1393 eius
1006 1335 1110 1413 partis,
1133 1351 1213 1412 quae

193 1425 316 1502 inguina
338 1422 437 1504 habet,
461 1441 647 1502 suspensum.

142 1525 175 1574 51
285 1511 391 1591 Lipara
411 1511 446 1572 ad
465 1514 669 1589 intertrigines
688 1513 745 1571 sic:
768 1509 922 1590 Cerussae,
943 1512 1213 1591 spumaeargenti,

195 1600 340 1661 medullae
360 1602 505 1681 cervinae,
525 1603 588 1661 sevi
606 1602 719 1660 cervini
736 1599 829 1659 libras
844 1598 983 1678 singulas,
1000 1616 1125 1659 ovorum
1140 1607 1255 1660 octos

194 1688 303 1769 album,
327 1691 388 1749 vini
412 1688 482 1749 boni
502 1690 669 1769 quartarios
687 1688 750 1768 llll,
768 1689 845 1748 turis
864 1687 983 1766 pollinis
1002 1689 1105 1748 uncias
1124 1696 1213 1766 quat-

193 1787 271 1859 tuor,
287 1795 373 1837 rosae
387 1777 551 1857 Campanae
566 1778 598 1837 P.
613 1796 716 1857 unum,
731 1776 869 1837 aluminis
883 1779 1073 1838 semunciam.
1101 1775 1212 1837 Cerus-

194 1885 256 1926 sam
286 1875 315 1926 et
344 1884 477 1945 spumam
506 1867 627 1944 tundes,
658 1873 758 1927 cetera
785 1867 920 1926 remittes
948 1873 978 1926 et
1004 1866 1036 1925 in
1063 1867 1211 1925 mortario
1298 1938 1299 1943 γ

192 1955 318 2015 terendo
342 1957 480 2016 universa
503 1953 652 2016 miscebis.

140 2055 173 2105 tt
282 2043 468 2120 Porriginem
491 2045 716 2122 intertriginum
738 2043 903 2103 interficies
920 2042 977 2103 hoc
996 2041 1211 2103 medicamine:
1226 2060 1254 2099 so

192 2130 281 2209 Picis,
306 2132 431 2209 resinae,
456 2150 550 2211 cerae,
574 2132 684 2212 butyri,
708 2132 770 2191 sevi
793 2133 922 2212 caprini,
945 2149 1068 2209 spumae
1091 2133 1212 2209 argenti

192 2219 290 2278 unciis
314 2217 439 2296 singulis
461 2222 492 2279 in
516 2239 609 2281 tinum
632 2221 797 2299 permixtis,
821 2221 847 2280 si
869 2221 964 2280 utaris
986 2218 1118 2279 adsidue.

581 2414 661 2476 etr.
684 2412 815 2475 lllllllll.

191 2525 351 2596 (tepetise
380 2527 415 2581 et
441 2528 576 2582 veretro
600 2525 672 2581 slve
694 2525 854 2582 verendis
876 2523 1034 2581 virilibus
1057 2526 1093 2580 et
1114 2523 1211 2580 testi·

193 2614 279 2670 eutis
307 2612 502 2671 dolentibus
529 2613 586 2670 vel
611 2614 841 2684 pendentibus
873 2616 908 2669 et
935 2612 1104 2669 hemionis
1134 2613 1210 2670 sive

191 2702 272 2758 viris
300 2702 372 2758 sive
399 2701 587 2759 infantibus
614 2705 649 2758 et
676 2702 781 2758 rebus
808 2702 952 2758 veneriis
980 2704 1015 2757 et
1038 2701 1210 2759 eunuchis

192 2790 264 2847 sine
291 2791 386 2847 ferro
413 2790 578 2848 faciendis
600 2792 752 2848 remedie
773 2791 914 2862 physion
936 2794 972 2846 et
993 2790 1210 2848 rationabilis

464 2880 597 2936 diversa
620 2881 664 2936 de
687 2878 937 2950 experimentis.

158 3029 173 3076 1
280 3012 324 3073 td
352 3015 483 3075 testiculi
510 3023 643 3077 tumores
671 3018 807 3096 cupressi
835 3016 925 3076 bacae
952 3033 988 3075 ex
1011 3016 1081 3075 rino
1104 3023 1208 3076 coctae

193 3104 374 3164 conveniunt
402 3111 432 3163 et
460 3103 525 3164 laha
555 3107 641 3184 quasi
674 3104 826 3166 concicula
859 3123 927 3166 cum
959 3103 1053 3164 multo
1085 3106 1208 3167 cumino

192 3199 276 3253 cocta
300 3201 331 3252 et
353 3192 486 3270 adposita
510 3210 593 3253 more
618 3193 835 3272 cataplasmatis
858 3210 975 3253 necnon
994 3199 1025 3252 et
1043 3209 1101 3252 uva
1119 3211 1207 3271 passa
1220 3209 1247 3250 ss

192 3299 261 3342 cum
289 3283 409 3341 cumino
437 3288 561 3342 contusa
588 3289 619 3342 et
646 3290 752 3361 tepens
774 3282 909 3361 adposita
931 3280 1095 3361 plurimum
1119 3282 1207 3360 prod·

193 3377 252 3449 est,
280 3368 317 3429 ad
346 3372 457 3430 veretri
480 3387 550 3430 vero
573 3378 722 3432 tumorem
745 3371 855 3432 lentem
879 3388 914 3431 ex
938 3387 1014 3448 aqua
1036 3377 1154 3431 coctam
1177 3378 1206 3430 et
1297 3400 1298 3409 ι

193 3458 293 3516 tritam
317 3459 429 3536 imponi
452 3458 644 3520 utilissimum
668 3468 721 3520 est.

158 3555 174 3602 n
284 3543 316 3602 Si
343 3543 428 3604 ulcus
455 3547 486 3604 in
514 3562 590 3622 pene
619 3547 771 3607 sordidum
800 3548 891 3608 luerit
919 3554 970 3608 aut
996 3564 1105 3608 cancer
1133 3546 1204 3609 illud
