2609 4017
470 158 711 224 -283-

69 328 144 381 tere
182 328 213 380 et
249 319 430 400 dysinterico
467 340 521 399 per
556 324 660 382 uncias
694 322 824 400 singulas
857 322 962 383 diebus
996 325 1095 403 singu·

69 408 115 470 lis
140 408 234 470 dabis.

170 496 319 559 Goliculos
347 515 383 558 ex
411 507 493 562 aceto
522 506 637 580 coctos,
665 499 714 559 alii
740 502 837 579 spicas
862 508 1002 579 quattuor
1025 518 1095 579 pur·
1115 510 1149 559 55

69 595 175 668 gatas,
203 604 258 646 ova
285 587 401 647 incocta
429 587 486 648 duo
520 588 608 649 simul
636 596 759 649 contere
787 596 818 650 55
845 589 928 651 adice
957 591 1017 650 vini
1046 607 1094 649 ve·

37 679 153 737 eteris
182 675 331 735 heminam
361 686 390 735 ct
417 677 609 738 fervefactum
637 678 822 739 medicamen
849 678 1030 758 dysinterico
1059 678 1095 737 da

70 764 251 826 bibendum.

168 854 274 913 Ficum
303 852 451 931 duplicem
479 861 509 914 et
537 854 663 932 palmam
690 856 916 933 pinguissimam
942 874 1011 916 cum
1034 857 1095 915 vini
1114 866 1149 916 54

70 944 192 1003 veteris
215 941 334 1002 hemina
357 941 393 1001 ad
416 944 520 1003 tertias
543 943 677 1022 decoque
701 953 732 1005 ct
753 946 866 1021 piperis
889 943 948 1004 albi
971 946 1035 1005 triti
1054 946 1094 1004 vi·

71 1033 156 1111 giuti
184 1048 275 1109 grana
303 1030 432 1091 admisce
465 1038 495 1091 et
522 1031 656 1111 tepidum
688 1032 869 1112 dysinterico
902 1035 986 1111 potui
1017 1034 1095 1093 dato.

26 1134 55 1172 10
73 1120 202 1181 Vestem
231 1121 278 1179 ovi
308 1117 461 1179 delicatam
489 1121 664 1181 interiorem
692 1123 831 1181 siccatam
859 1128 994 1202 contere,
1026 1124 1095 1182 vino
1114 1132 1148 1182 55

71 1211 175 1269 misce
199 1216 229 1269 55
252 1206 316 1267 5515
339 1218 369 1268 55
392 1226 428 1268 ex
452 1226 527 1287 aqua
550 1207 644 1269 calida
668 1209 849 1289 dysinterico
873 1210 908 1270 da
927 1208 1095 1270 bibendam.

71 1298 138 1359 Lac
163 1314 329 1375 caprunum
348 1297 475 1379 fervens,
498 1297 613 1358 adiecto
636 1297 773 1377 polentae
794 1306 937 1377 quantum
957 1300 1029 1359 satis
1048 1300 1095 1378 sit,
1114 1311 1148 1361 55

73 1404 149 1447 cum
169 1385 262 1446 luerit
275 1386 360 1463 quasi
376 1388 476 1446 tenuis
490 1385 642 1467 pulticula,
657 1386 741 1448 dabis
755 1389 806 1447 cui
819 1405 909 1467 supra
923 1387 1096 1448 bibendum.

171 1471 332 1552 Coagulum
356 1473 523 1553 leporinum
547 1493 584 1535 ex
607 1477 675 1535 vino
699 1474 826 1536 dilutum
845 1476 979 1555 tepidum
998 1476 1095 1555 dysin·
1114 1490 1148 1539 55

32 1576 60 1617 15
74 1564 178 1625 terico
201 1563 238 1623 da
261 1561 433 1644 bibendum,
457 1563 493 1623 de
517 1582 576 1642 quo
600 1563 723 1643 coagulo
747 1568 772 1624 si
795 1563 928 1641 singulos
947 1562 1095 1641 scripulos

72 1656 110 1714 in
129 1651 257 1730 singulis
276 1653 339 1711 ovis
359 1650 519 1712 sorbilibus
538 1654 638 1712 ieiuno
657 1651 859 1731 pertriduum
873 1652 1000 1731 dederis,
1019 1653 1095 1711 mire

75 1740 248 1803 subvenies.
284 1738 352 1800 Vini
375 1742 484 1801 veteris
507 1741 605 1801 faeces
624 1747 654 1801 et
673 1742 813 1801 iocineris
832 1741 947 1818 caprini
965 1740 1095 1801 frustum
1114 1754 1148 1804 58

75 1830 234 1892 sufficiens
257 1831 288 1889 iu
311 1827 398 1889 ollam
422 1829 527 1889 rudem
546 1831 631 1890 mitte
650 1836 681 1889 ct
699 1829 797 1909 facito,
820 1836 854 1890 ut
873 1826 987 1911 bulliat,
1005 1837 1094 1906 atque

75 1920 149 1981 inde
173 1920 274 1979 ieiuno
298 1918 408 1997 cyliaco
433 1919 617 1979 sufficienter
640 1918 676 1977 da
700 1915 811 1978 bibere.

35 2020 61 2061 ao
169 2005 284 2067 Bulbus
306 2005 463 2068 Africanus
492 2006 679 2067 rubicundus
707 2008 855 2068 contritus
878 2006 993 2067 adiecto
1017 2009 1094 2087 vino,
1114 2020 1148 2069 59

77 2096 160 2177 quod
184 2095 265 2156 ferro
289 2095 364 2156 duro
386 2096 524 2157 candenti
542 2093 665 2176 calefiat,
688 2097 772 2174 potui
792 2094 878 2156 datus
897 2095 1016 2175 cyliacis
1033 2114 1094 2156 me·

77 2186 177 2247 detur.
219 2183 394 2245 Palumbum
422 2184 517 2245 lerum
547 2203 582 2245 ex
610 2202 698 2263 passo
727 2202 880 2263 concoque
908 2192 997 2264 atque
1024 2185 1095 2245 inde
1114 2200 1148 2248 5ο

76 2276 219 2355 potiones
247 2272 377 2351 singulas
405 2272 516 2351 cyliaco
539 2290 594 2351 per
621 2272 755 2333 triduum
784 2272 820 2332 da
852 2272 1005 2334 bibendas.
1050 2273 1095 2333 dd
1114 2288 1147 2337 61

76 2364 210 2443 cyliacos
241 2360 333 2422 herba
365 2360 502 2440 plantago
536 2368 566 2421 55
595 2360 740 2421 lentiscus
767 2364 927 2439 separatim
956 2380 992 2421 ex
1019 2380 1095 2440 aqua

38 2463 63 2505 ²⁵
76 2457 267 2532 coquuntur,
292 2457 395 2529 postea
417 2451 449 2509 in
472 2467 566 2509 uuum
588 2451 808 2528 permiscentur
831 2456 861 2508 et
883 2457 956 2510 tuno
980 2449 1095 2510 adiecto

77 2548 165 2603 aceto
190 2557 258 2599 cum
281 2556 357 2617 pane
380 2539 410 2598 in
435 2536 502 2599 cibo
526 2546 643 2615 sumpta
662 2542 798 2615 prosunt.
835 2536 952 2597 Herbae
970 2539 1094 2597 vettoni·
1115 2551 1148 2601 62

76 2648 133 2690 cae
160 2630 193 2688 in
220 2626 327 2689 umbra
354 2627 500 2688 arelactac
530 2633 636 2686 tunsae
667 2623 873 2704 cribrataeque
900 2624 998 2703 pulvis
1026 2642 1095 2685 cum

76 2720 149 2778 vino
173 2722 262 2795 potus
285 2714 405 2796 cyliaois
427 2714 590 2793 plurimum
612 2712 744 2793 prodest.

170 2803 239 2864 Mali
266 2806 382 2882 granati
409 2810 511 2865 cortex
540 2805 649 2863 siccata
677 2802 814 2863 tunditur
842 2809 872 2863 et
897 2800 1042 2863 criblatur
1065 2809 1096 2862 et
1115 2817 1148 2866 55

41 2893 179 2975 opulus
206 2911 243 2953 ex
267 2911 302 2953 eo
325 2894 469 2953 miscetur
493 2910 561 2952 cum
585 2909 708 2951 ovorum
733 2890 840 2951 vitellis
863 2890 961 2952 tribus
984 2891 1095 2971 diuque

78 2985 111 3043 in
130 2999 247 3042 morem
265 2983 350 3059 panis
370 2979 518 3059 subigitur
537 2998 572 3041 ac
591 2980 716 3040 fricatur
737 2986 826 3058 atque
845 2979 914 3041 inde
933 2982 1018 3059 panis
1038 2981 1096 3041 sor·

79 3078 179 3132 matus
203 3071 234 3130 in
258 3070 324 3130 loco
344 3070 484 3148 coquitur
503 3076 533 3129 et
552 3070 595 3129 sic
614 3069 819 3131 manducatur.
852 3067 910 3140 Qui
928 3071 956 3129 si
972 3077 1097 3150 propter

81 3160 204 3220 nimiam
234 3159 439 3219 austeritatem
468 3156 638 3238 offenderit,
671 3175 739 3217 oum
769 3156 910 3219 lenticula
938 3159 1002 3217 sine
1031 3157 1096 3217 oleo

82 3256 167 3309 cocta
195 3247 310 3307 adiecto
339 3248 483 3307 acerrimo
514 3254 597 3306 aceto
626 3263 642 3305 a
670 3247 770 3306 ieiuno
798 3246 972 3306 manducari
998 3244 1095 3325 debet,

44 3346 68 3387 ³⁵
83 3336 163 3415 quod
182 3354 217 3396 eo
236 3335 304 3415 plus
322 3335 466 3415 proderit,
489 3352 548 3415 quo
569 3337 748 3413 propensius
767 3335 859 3394 luerit
877 3332 1096 3394 manducatum.

175 3530 209 3579 10
222 3522 379 3580 interiores.
425 3528 459 3578 21
474 3523 563 3579 delur.
614 3527 648 3577 22
664 3539 839 3592 conquoqne.
889 3526 923 3576 32
937 3520 1096 3591 quoqnitur.
