2609 4017
588 187 806 251 -86-

139 348 289 413 toeNardi
316 349 412 409 Indici
441 348 488 409 vel
518 349 631 428 Syriaci
658 368 694 410 ex
721 352 789 410 vino
818 358 918 409 vetere
949 351 1013 409 triti
1044 351 1219 429 siccatique

193 438 290 518 pulvis
309 457 363 517 pro
382 437 577 517 xerocollyrio
597 438 693 499 oculis
714 440 863 517 inpositus
888 437 1064 498 mirabiliter
1084 438 1218 517 prodest

138 541 190 590 160
198 528 233 588 ad
253 527 435 588 valetudines
455 544 545 605 supra
565 530 700 606 scriptas.
723 527 781 587 Mel
799 530 943 606 optimum
959 526 1160 607 despumahis,
1177 536 1216 588 ut
1300 563 1302 594 v

190 617 266 678 bene
290 634 400 695 purum
424 618 471 693 sit,
495 624 525 676 et
548 616 726 677 admiscebis
748 617 813 695 pari
838 634 976 676 mensura
996 634 1102 676 sucum
1120 623 1213 676 rutae
1300 599 1302 694 l

190 714 220 766 et
248 703 359 765 herbae
387 704 571 765 chelidoniae
599 714 689 785 atque
718 705 754 765 ad
782 707 887 766 tertias
912 705 1061 784 decoques
1084 712 1115 764 et
1138 720 1243 766 cums
1300 721 1301 724 ¹

190 796 289 854 omnia
312 793 388 854 bene
412 797 635 874 permiscueris,
658 796 690 855 in
714 794 841 873 ampulla
865 796 958 855 vitrea
978 793 1034 854 sub
1054 793 1210 872 signaculo
1300 847 1301 858 ,

189 882 322 943 servabis
351 891 381 943 et
408 886 503 943 uteris
531 886 607 944 miro
631 884 826 944 medicamine
850 883 887 943 ad
910 882 1033 943 scabros
1057 890 1087 943 et
1109 882 1210 962 lippos
1300 909 1301 912 ¹

189 971 291 1032 oculos
315 972 512 1050 inungendos,
558 972 645 1033 ltem
670 972 710 1032 ad
734 972 922 1033 oculorum
945 990 1071 1033 causas
1094 989 1208 1031 reme-

189 1061 245 1121 dia
274 1061 425 1140 physica
449 1068 484 1122 et
507 1060 741 1121 rationabilia
765 1060 921 1140 diversa,
948 1060 982 1120 id
1011 1070 1066 1122 cst
1088 1060 1208 1121 oculis

188 1153 263 1211 ictu
288 1150 398 1210 laesis
423 1160 457 1211 et
481 1152 511 1210 si
535 1150 619 1229 quid
639 1149 761 1210 subito
781 1168 842 1210 eos
861 1149 978 1210 luerit
996 1151 1206 1227 ingressum
1225 1166 1254 1205 10

188 1246 223 1299 et
246 1239 436 1299 adversum
460 1238 647 1299 molestias
670 1237 827 1316 pilorum
851 1246 886 1298 et
908 1238 948 1298 ad
969 1238 1151 1317 aegilopas
1172 1248 1207 1298 et
1300 1215 1302 1320 Ι

189 1327 227 1387 ad
253 1326 464 1406 nyctalopas
484 1328 577 1388 etad
597 1328 755 1407 varulos,
778 1328 813 1388 id
832 1336 888 1388 est
910 1326 1102 1387 hordeolos
1121 1345 1206 1387 ocu·
1300 1327 1301 1396 ἰ

189 1415 234 1475 lis
257 1416 429 1495 infestoS,
456 1415 513 1475 his
543 1416 686 1477 additae
709 1417 803 1477 infra
826 1416 1063 1496 collyriorum
1086 1416 1206 1476 diver·
1300 1427 1301 1466 1

135 1516 312 1565 tatsorum
336 1505 597 1566 conlectiones
634 1504 829 1585 Quocumque
848 1507 911 1565 ictu
930 1504 1028 1565 laesus
1050 1504 1155 1565 oculus
1180 1508 1208 1565 si

189 1593 433 1673 sanguinolentus
448 1594 605 1674 videbitur,
623 1594 814 1674 palumbinus
834 1596 863 1654 ei
876 1594 921 1654 vel
936 1594 1067 1673 perdicis
1081 1594 1127 1653 vel
1141 1602 1206 1654 tur·
1222 1610 1251 1649 1⁵

187 1686 265 1744 turis
281 1686 410 1763 sanguis,
428 1691 479 1743 aut
493 1685 519 1743 si
533 1683 755 1744 haec'auimalia
769 1702 829 1743 non
849 1693 946 1763 erunt,
964 1682 1152 1743 columbinus
1168 1683 1207 1743 de

137 1775 282 1851 162pinna
297 1772 431 1833 sublatus
446 1774 554 1852 statim,
573 1773 602 1833 id
618 1779 664 1832 est
678 1772 774 1833 adhue
788 1772 896 1851 calens,
914 1772 1097 1833 infundatur.
1121 1771 1207 1833 Bitu·

188 1863 276 1943 mine,
298 1860 440 1939 sulphure
461 1868 490 1921 et
509 1868 576 1921 ture
595 1863 751 1940 permixtis
768 1861 869 1921 oculos
883 1863 946 1922 ictu
960 1860 1056 1921 laesos
1070 1861 1207 1920 suffumi-

134 1957 268 2029 163gato,
287 1951 386 2009 statim
407 1949 533 2032 sanabis,
553 1952 578 2009 si
597 1951 772 2028 frequenter
789 1950 820 2010 id
839 1950 955 2011 leceris.
987 1948 1095 2030 Herba,
1113 1968 1206 2029 quam

186 2037 291 2097 Graeci
311 2037 515 2118 sarcocollam,
538 2056 593 2098 nos
616 2042 817 2117 argemoniam
840 2037 1031 2119 appellamus,
1054 2042 1080 2098 si
1098 2038 1205 2099 viridis
1220 2055 1248 2094 eo

186 2127 252 2205 erit,
271 2128 350 2205 trita,
370 2128 416 2185 sin
435 2127 525 2205 arida,
548 2125 641 2187 calida
661 2146 737 2206 aqua
756 2137 911 2208 macerata,
931 2146 989 2208 quo
1009 2128 1125 2188 facilius
1143 2131 1205 2189 teri

185 2217 289 2295 possit,
302 2214 386 2276 inlita
401 2214 495 2276 oculis
510 2215 712 2295 sugillationes
726 2216 894 2294 livoresque
908 2235 1014 2277 eorum
1027 2225 1143 2277 mature
1157 2217 1204 2277 di·

136 2306 292 2367 lctscutit.
327 2304 476 2383 Sanguine
495 2304 664 2365 hirundinis
683 2308 798 2366 recenti
812 2324 846 2365 ac
861 2306 961 2383 tepido
976 2307 1117 2367 inunctus
1131 2325 1204 2366 ocn-

133 2392 236 2456 1651us
254 2394 317 2453 ictu
336 2391 434 2454 laesus
458 2400 488 2454 et
510 2412 616 2454 cruore
636 2395 769 2455 suffusus
788 2396 887 2455 statim
906 2394 1067 2455 sanabitur.
1105 2394 1203 2455 Radix

185 2489 270 2542 rutae
289 2484 359 2543 trita
374 2489 404 2542 et
418 2482 501 2543 inlita
515 2481 610 2543 oculis
624 2500 732 2543 cruore
747 2483 868 2544 suffusis
883 2486 972 2544 etiam
987 2502 1156 2544 commansa
1170 2492 1203 2544 et
1217 2500 1246 2539 25

150 2634 152 2641 ,
185 2571 307 2632 adsidue
322 2573 417 2651 posita
431 2571 592 2651 plurimum
606 2571 744 2652 prodest3
759 2574 860 2632 vinum
872 2591 1000 2652 quoque,
1016 2575 1046 2633 io
1061 2591 1120 2652 quo
1133 2579 1203 2633 ruta

133 2660 240 2725 tandiu
254 2662 346 2722 luerit
359 2668 515 2741 macerata,
529 2660 744 2721 rationabiliter
756 2661 931 2723 infunditur.
953 2660 1088 2722 Mulieris
1098 2663 1203 2740 primi·

185 2768 273 2829 parce
292 2768 385 2828 purae
404 2768 438 2811 ac
457 2750 567 2810 nitidae
587 2750 676 2810 saliva
690 2752 799 2811 ieiunis
813 2750 953 2811 instillata
968 2749 1062 2811 oculis
1076 2750 1202 2811 livorem

133 2838 443 2917 tersuffusionemque
463 2837 624 2916 quamlibet
637 2846 792 2899 cruentam
809 2840 970 2901 efficaciter
984 2839 1094 2901 adimit.
1126 2838 1200 2899 ller-

185 2926 239 2986 bae
258 2928 423 2987 vettonicae
443 2925 512 2986 lolia
535 2934 614 2986 teres
639 2934 670 2986 et
688 2926 757 2987 salis
779 2929 845 2988 triti
868 2929 1018 2989 modicum
1040 2929 1151 2989 adicies
1169 2938 1200 2988 et
1214 2946 1241 2985 eo

185 3032 276 3092 super
298 3016 359 3075 ictu
384 3013 555 3093 perculsum
577 3013 624 3074 vel
646 3015 804 3076 cruoribus
825 3018 972 3078 suffusum
990 3017 1110 3079 oculum
1129 3035 1199 3078 con·

183 3102 302 3183 ligabis,
325 3104 400 3163 mire
423 3103 572 3183 proderit,
594 3121 662 3164 nam
681 3105 799 3183 quando
823 3108 851 3165 ei
874 3107 903 3166 id
928 3106 1060 3187 solveris,
1082 3106 1198 3167 videbis

184 3210 220 3251 ex
245 3210 280 3251 eo
304 3193 479 3270 sauguinem
502 3192 665 3273 destillare,
693 3196 732 3253 ita
761 3213 880 3255 omnem
908 3208 1026 3257 causam
1055 3196 1198 3256 extrahet.

133 3279 268 3345 168Lana
292 3280 394 3342 sucida
422 3281 583 3343 madefacta
612 3282 677 3342 oleo
700 3285 829 3363 vinoque
856 3287 1003 3364 permixto
1031 3304 1065 3345 ac
1092 3292 1197 3364 tepens

185 3369 278 3431 oculis
313 3372 501 3449 superposita
533 3373 643 3449 optime
681 3374 751 3432 vitia
783 3390 874 3451 supra
907 3375 1018 3452 scripta
1049 3381 1239 3452 personatos

255 3563 290 3613 33
309 3557 448 3615 distillare
468 3559 628 3615 nonanus.
