2609 4017
480 182 720 247 -243-

103 342 154 403 boc
180 343 364 405 medicamen
392 344 549 406 adhibetur
576 353 700 423 propter
724 342 889 411 molestiam
913 343 1043 422 sudoris,
1071 362 1109 403 ne

103 434 260 511 umigatum
289 435 434 494 infirmius
462 435 527 514 tiat3
554 436 619 513 ipso
648 440 747 493 tamen
771 431 833 512 die,
857 450 915 511 quo
940 432 1109 492 conlectum

102 519 194 601 iurarit,
218 523 317 582 statim
343 522 431 583 debet
454 522 571 602 adponi,
594 540 653 600 quo
677 521 830 581 efficacius
852 520 950 600 prolit.

183 609 226 670 ld
251 610 384 689 splenem
408 610 572 671 remedium
597 610 717 671 ellicax:
739 609 792 669 Die
816 609 893 669 loris
915 608 1016 669 liduna
1038 610 1107 669 sini·
1127 619 1160 669 ⁷8

78 704 190 756 ostrum
208 698 317 775 pedem
337 700 449 760 nudum
467 702 500 760 in
519 699 666 778 caprossco
680 708 781 778 ponet,
799 700 851 778 qui
865 698 983 759 dolores
997 697 1109 776 splenis

100 787 233 867 patietur,
258 798 288 847 et
312 791 463 866 corticem,
489 796 631 866 qnantum
656 805 709 866 pes
732 788 798 847 eius
820 789 974 867 presserit,
996 786 1109 847 incidet

101 890 218 953 eamque
248 875 346 936 tribus
374 876 457 936 horis
485 876 522 936 de
550 876 641 936 fascia
669 874 705 934 ad
734 873 866 954 splenem
889 878 1015 955 positam
1039 894 1108 936 con-

101 963 230 1044 stringet,
255 963 400 1025 sublatam
424 964 493 1025 inde
517 965 643 1025 fumario
668 964 831 1042 suspendet
851 982 948 1042 neque
968 982 1109 1043 umquam

101 1056 146 1109 aut
169 1054 232 1129 ipse
258 1053 421 1114 removebit
445 1060 496 1114 aut
518 1054 672 1132 permittet
695 1052 731 1112 ab
755 1051 853 1131 aliquo
877 1052 948 1112 tolli.

68 1152 89 1191 1⁰
183 1140 227 1201 td
256 1140 389 1220 splenem
417 1141 582 1202 remedium
609 1140 741 1201 subitum
765 1148 854 1220 atque
878 1140 1001 1202 subtile:
1033 1140 1108 1201 'lres
1128 1152 1161 1201 te

99 1228 204 1288 caricas
232 1232 263 1290 in
292 1240 376 1291 aceto
400 1233 511 1309 optimo
535 1247 659 1308 vespere
682 1229 805 1291 infunde
829 1238 859 1289 et
882 1248 967 1289 mane
990 1232 1108 1290 ieiunus

99 1330 143 1374 eas
165 1320 268 1396 accipe
293 1327 324 1379 et
345 1319 402 1380 hoc
425 1337 479 1398 per
502 1318 635 1379 triduum
664 1318 768 1399 iacit03
795 1326 864 1396 post
890 1318 947 1379 hoc
976 1319 1048 1379 lerri
1072 1337 1108 1378 ex

99 1419 181 1464 causa
204 1407 241 1466 ad
261 1407 318 1468 hoc
337 1407 408 1468 facti
425 1405 583 1468 massulam
604 1415 650 1467 ter
670 1406 824 1467 ardentem
843 1409 983 1486 extingue
1003 1426 1037 1468 ex
1057 1426 1108 1486 po·

99 1490 172 1552 tione
192 1494 366 1556 absinthiati
385 1504 414 1557 et
433 1495 502 1555 bibe
521 1502 610 1575 atque
628 1496 686 1555 hoc
704 1514 759 1575 per
777 1495 910 1556 triduum
930 1496 1027 1557 iacito.
1064 1496 1107 1555 Ad
1126 1506 1161 1555 80

67 1592 88 1632 u
100 1579 204 1655 splenis
218 1584 353 1645 dolorem
368 1586 529 1664 cuminum,
545 1590 688 1663 quantum
704 1582 802 1644 tribus
816 1584 917 1661 digitis
929 1585 1026 1661 possis
1039 1602 1107 1643 con·

99 1668 290 1752 prehendere,
306 1691 374 1733 cum
385 1675 453 1734 vino
465 1674 568 1733 tritum
579 1674 680 1734 ieiuno
689 1671 835 1732 laboranti
844 1670 928 1731 dabis
938 1670 1107 1732 bibendum.

491 1866 570 1927 CAP.
594 1864 711 1926 XXllll.

125 1973 314 2034 Pleuriticis
338 1981 373 2034 et
394 1979 542 2035 laterum
566 1976 743 2033 doloribus
766 1977 917 2033 remedia
938 1978 1078 2047 physica

211 2070 249 2122 et
270 2066 483 2123 rationabilia
507 2066 642 2122 diversa
666 2066 709 2121 de
733 2066 985 2136 experimentis.

180 2200 322 2281 Malagma
351 2202 387 2261 ad
414 2201 516 2263 lateris
545 2212 574 2263 et
597 2204 728 2283 pectoris
752 2201 883 2263 dolorem
907 2211 938 2263 et
961 2203 1105 2282 quidquid
1127 2215 1139 2261 1

99 2286 249 2351 molestum
274 2308 309 2350 ex
331 2290 524 2369 perfrictione
546 2290 710 2371 colligitur3
733 2290 809 2351 bene
834 2295 913 2352 enim
937 2291 1053 2353 calfacit
1076 2302 1106 2353 et

99 2372 158 2435 idco
181 2379 217 2440 ad
242 2397 359 2439 omnem
383 2378 514 2443 dolorem
539 2380 674 2460 prodest,
702 2380 859 2440 coniicitur
885 2383 941 2441 sic:
971 2379 1105 2441 Samsuci

65 2471 87 2511 ²0
99 2470 209 2527 contusi
229 2469 420 2548 semunciam,
439 2470 492 2529 iris
510 2478 650 2530 contusae
666 2468 754 2548 idem,
770 2470 871 2546 cyperi
886 2471 1004 2528 contusi
1017 2469 1105 2550 idem,

98 2553 206 2615 resinae
235 2555 451 2617 terebinthinae
476 2556 507 2617 P.
528 2556 562 2637 S,
590 2574 677 2615 cerae
700 2554 731 2614 P.
751 2554 777 2635 1,
805 2554 861 2615 olei
885 2556 1000 2634 cyprini
1023 2554 1055 2616 P.
1076 2555 1105 2636 S,

98 2639 152 2700 nni
173 2644 291 2705 Aminei
314 2641 345 2704 θ
364 2644 385 2704 l.
425 2644 458 2704 ln
481 2645 538 2706 hoc
563 2663 638 2725 quae
663 2643 743 2703 arida
768 2650 838 2703 sunt
862 2650 985 2703 contusa
1009 2661 1104 2703 mace-

98 2738 195 2792 rantur
219 2750 279 2793 uno
303 2732 351 2793 die
375 2740 405 2793 et
427 2743 515 2794 nocte
539 2752 606 2794 cum
631 2732 711 2813 oleo;
740 2750 808 2792 cera
837 2739 866 2791 et
889 2732 986 2792 resina
1011 2731 1103 2811 lique-

97 2813 165 2879 tlunt
187 2822 224 2881 ad
248 2824 360 2900 ignem,
389 2821 494 2882 deinde
518 2821 778 2902 superfunduntur
801 2822 869 2880 rino
893 2827 923 2879 et
946 2822 1104 2899 pigmentis

64 2910 86 2951 ²⁵
97 2914 247 2970 maceratis
272 2906 328 2988 [et]
353 2912 518 2971 miscentur
537 2928 571 2971 ac
591 2910 727 2971 manibus
747 2909 797 2970 diu
818 2909 1006 2987 subiguntur.
1040 2909 1103 2971 Hoc

97 3002 158 3066 post
176 2999 240 3059 dies
256 2995 337 3057 XXX
356 2999 507 3059 efficacius
521 2999 657 3081 prodest;
676 3000 761 3060 initio
777 3000 858 3059 enim
872 2998 1005 3060 umidum
1020 2999 1103 3060 valde

97 3090 138 3141 est
159 3095 188 3147 et
212 3089 259 3146 vix
283 3086 401 3161 inlitum
424 3094 531 3147 manet.

177 3174 319 3253 Malagma
344 3175 379 3235 ad
401 3178 606 3236 contusionem
627 3174 736 3256 lateris,
760 3176 839 3236 idem
860 3176 930 3236 iacit
950 3176 1034 3236 etad
1054 3194 1101 3236 su·
1121 3188 1137 3236 2

97 3272 206 3334 spectas
234 3266 362 3325 vomicas
396 3272 447 3325 aut
474 3265 531 3324 iam
565 3264 656 3325 lactas
690 3267 798 3345 aperit,
827 3272 981 3342 praeterea
1014 3260 1102 3343 <ad>

177 3404 280 3469 opone
295 3400 331 3453 ei.
374 3399 467 3453 toris.
512 3399 687 3469 9permiltit.
730 3398 895 3453 meridiam.
948 3402 1100 3451 ltmasso-

95 3458 155 3522 lam.
193 3468 439 3527 tolaborantibus.
479 3474 511 3524 18
523 3470 680 3539 collegitur.
718 3467 959 3524 atterebintinae.
996 3473 1030 3522 22
1045 3484 1102 3521 am-

95 3535 181 3596 minei.
229 3546 263 3596 25
284 3542 313 3595 et
331 3542 439 3600 inclusi.
486 3547 521 3595 26
540 3539 695 3598 humidum.
737 3545 772 3595 29
786 3540 824 3595 ad
839 3540 939 3596 addidi
952 3555 965 3594 e
979 3539 1102 3596 Scabore.

889 3627 944 3683 16*
