2609 4017
498 172 651 237 -299
698 205 740 218 a

98 350 191 413 quae
215 333 324 394 Gallice
348 333 451 395 alauda
471 334 588 416 dicitur,
612 336 674 396 sive
697 336 761 412 ipsa
780 344 876 395 assata
893 336 925 395 in
943 336 1011 397 cibo
1030 353 1126 396 suma-

97 432 159 483 tur
188 424 250 483 sive
274 440 341 484 cum
365 422 474 501 plumis
499 424 561 484 suis
584 421 739 483 combusta
765 422 918 503 redigatur
940 426 971 483 in
994 426 1127 485 cinerem

98 518 203 591 atque
233 529 269 571 ex
299 529 333 571 ec
363 509 588 590 diligentissime
616 514 688 571 trito
716 519 801 571 terna
828 512 967 573 cocliaria
991 530 1028 572 ex
1051 530 1126 591 aqua

97 600 208 660 calida
230 602 315 677 potui
337 617 392 678 per
416 599 547 659 triduum
570 600 689 660 dentur.

68 704 83 744 s
204 686 331 748 Unicum
354 695 401 748 est
423 689 597 748 intestinum
621 688 758 766 ossifragi
780 691 872 749 mirae
891 698 1023 771 naturae,
1047 689 1126 769 quod
1145 703 1178 752 51

98 778 212 837 omnia
236 776 373 837 devorata
398 778 541 836 citissime
565 777 698 857 conficit3
720 775 811 837 huius
828 796 899 857 pars
917 786 1049 838 extrema
1067 777 1127 839 col·

97 864 217 943 ligitur
239 872 269 925 et
292 866 446 943 reponitur
471 874 501 925 et
523 882 592 924 cum
615 882 691 944 opus
714 864 818 945 fuerit,
846 868 943 927 ventri
964 866 1126 927 laborantis

99 952 263 1033 alligatur,
286 955 362 1017 miro
385 952 516 1013 remedio
541 970 643 1013 omnes
666 955 877 1013 intestinorum
903 954 1020 1015 dolores
1044 957 1125 1015 citis-

99 1043 198 1102 sime
211 1041 303 1101 sedat.

55 1148 84 1186 ao
202 1129 279 1209 Lupi
306 1136 423 1189 stercus
451 1128 611 1190 dummodo
637 1146 698 1188 uon
721 1130 753 1188 in
775 1136 855 1190 terra
878 1132 1045 1211 inventum,
1073 1130 1126 1191 sed
1144 1143 1178 1191 oa

101 1235 203 1296 supra
226 1217 336 1277 fustem
358 1225 410 1277 aut
433 1236 523 1296 supra
547 1216 658 1277 astulas
681 1223 733 1277 aut
754 1235 844 1295 supra
862 1220 985 1279 iuncum
1004 1217 1125 1297 colliges

102 1314 138 1366 et
171 1304 303 1366 servabis
330 1313 360 1366 et
383 1324 451 1367 cum
474 1323 550 1383 opus
574 1305 678 1387 fuerit,
706 1304 852 1367 laboranti
875 1306 968 1367 colico
992 1306 1125 1385 alligabis

102 1394 146 1455 ed
176 1390 332 1454 brachium
359 1394 405 1455 vel
433 1393 469 1453 ad
499 1392 608 1453 collum
631 1395 663 1453 in
686 1411 753 1453 osse
777 1401 829 1454 aut
851 1396 881 1454 iu
905 1412 996 1474 cypro
1019 1402 1071 1455 aut
1094 1397 1126 1456 iu

103 1500 185 1543 auro
210 1482 326 1543 clusum
349 1480 477 1561 licioque
501 1500 695 1561 suspensum3
718 1481 771 1541 sed
794 1484 878 1559 prius
901 1501 937 1543 ex
960 1485 1026 1561 ipso
1050 1490 1124 1543 ster·

60 1587 89 1627 15
105 1588 182 1631 core
211 1569 351 1649 pusillum
378 1572 528 1649 ignoranti
556 1588 592 1629 ex
619 1586 695 1647 aqua
723 1568 817 1629 calida
839 1569 1003 1630 bibendum
1028 1569 1125 1650 dabis3

104 1661 188 1719 mire
212 1658 409 1737 celeriterque
433 1657 600 1719 subvenies.
712 1689 714 1694 ·
986 1686 990 1691 ·

202 1746 298 1807 Ovum
319 1764 425 1807 recens
448 1745 574 1807 crudum
599 1746 755 1806 summiter
775 1753 912 1823 apertum
931 1745 1077 1806 defundes
1096 1754 1126 1806 et
1143 1757 1178 1807 53

105 1838 176 1897 eius
196 1841 304 1896 testam
323 1834 388 1894 oleo
407 1834 495 1894 viridi
514 1832 651 1912 implebis
671 1842 701 1894 et
719 1833 877 1913 defundes3
897 1833 1035 1894 similiter
1053 1833 1125 1895 lotio

104 1923 221 2003 puerili
248 1922 384 2001 implebis
413 1930 442 1983 et
470 1921 616 1983 defundes
643 1920 799 2000 mellisque
822 1921 997 1983 tantundem
1020 1922 1124 1983 defun·

61 2013 180 2092 sodes,
208 2019 272 2072 tum
299 2010 457 2089 diligenter
484 2012 582 2070 omnia
605 2009 801 2088 permiscebis
825 2018 854 2071 et
877 2012 908 2071 in
932 2028 1008 2090 equa
1031 2010 1125 2071 calida

107 2100 274 2179 tepefacies
296 2118 330 2159 ac
353 2101 454 2159 ieiuno
477 2097 604 2160 bibenda
624 2097 716 2159 dabis.
749 2098 828 2159 Haec
847 2101 929 2178 potio
948 2118 1008 2159 non
1028 2099 1124 2161 solum

108 2197 231 2250 stercus
265 2195 428 2267 vetustum,
461 2187 541 2266 quod
572 2186 689 2247 dolores
720 2188 871 2249 intestinis
904 2187 989 2268 facit,
1019 2206 1126 2249 verum

109 2280 202 2339 etiam
230 2275 392 2337 lumbricos
419 2278 507 2336 eiciet
534 2282 564 2335 et
591 2274 714 2335 ardores
740 2275 985 2353 praecordiorum
1012 2276 1124 2337 febres·

110 2384 171 2446 qne
196 2363 319 2425 sedabit.
934 2406 937 2410 ·

66 2470 94 2511 es
201 2451 316 2514 Erucae
336 2453 516 2512 semunciam
536 2457 674 2511 conteres
689 2457 719 2509 et
733 2451 770 2531 ei,
789 2452 843 2529 qui
855 2449 1018 2510 lumbricos
1032 2452 1124 2527 patie-
1143 2462 1178 2511 54

109 2550 172 2622 tur,
191 2560 228 2601 ex
245 2542 313 2600 rino
333 2547 433 2600 vetere
452 2539 577 2600 candido
594 2540 695 2599 ieiuno
709 2545 740 2597 et
754 2537 952 2615 digestissimo
966 2535 1125 2598 bibendam

110 2628 206 2710 dabis,
230 2630 301 2689 satis
324 2627 465 2707 proderit.

168 2734 170 2739 ·
202 2716 246 2776 dd
274 2712 443 2777 interaneos
471 2714 590 2776 morbos
619 2711 742 2791 serpulli
767 2713 885 2792 pondus
908 2714 1055 2773 victoriati
1078 2731 1123 2772 ar·
1143 2723 1177 2773 55

111 2807 214 2885 gentei
231 2806 394 2866 contritum
413 2811 443 2864 et
463 2822 498 2864 ex
517 2806 585 2863 vino
603 2803 689 2881 potui
702 2801 813 2881 datum,
832 2799 1012 2861 febricitanti
1026 2808 1125 2862 autem

69 2912 98 2952 eo
112 2912 150 2953 ex
180 2893 275 2954 mulsa
303 2910 377 2971 aqua
406 2892 505 2971 tepida
536 2894 671 2951 internos
703 2888 821 2950 dolores
848 2892 960 2949 ventris
987 2897 1125 2970 potenter

112 2981 261 3043 emendat.
301 2979 441 3043 Verbasci
469 2979 577 3040 radicis
605 2980 750 3039 corticem
776 2977 922 3039 detrshlto
947 2986 979 3039 et
1001 2986 1125 3040 contun·
1144 2991 1178 3041 oo

113 3070 178 3131 dito
210 3087 243 3131 ac
279 3087 385 3130 sucum
416 3070 481 3129 eius
508 3086 564 3146 per
590 3067 715 3127 linteum
744 3067 901 3145 exprimito
930 3085 1057 3145 eumque
1089 3084 1125 3126 ex

113 3176 190 3237 aqua
212 3156 307 3218 mulsa
331 3165 383 3217 aut
404 3159 472 3217 vino
495 3155 659 3216 bibendum
682 3155 765 3236 dato;
788 3158 887 3216 omnia
904 3156 1126 3215 interaneorum

203 3309 401 3365 icumbusts.
510 3304 707 3375 ocollegilur.
821 3305 995 3361 eminerem
1023 3304 1125 3359 medio.

116 3384 149 3434 15
168 3380 303 3450 pisillum.
391 3385 424 3433 19
442 3380 525 3433 cerba
542 3378 691 3447 mellisque
708 3377 875 3431 tantundem
895 3375 1030 3429 defundes
1048 3376 1126 3445 opud

115 3450 283 3508 Corcorfmn
300 3454 365 3505 auls
383 3449 512 3505 similiter
529 3447 600 3503 lotio
619 3450 751 3503 collocuta
768 3452 840 3502 sunl.
948 3451 984 3501 26
1002 3446 1125 3501 andito,

115 3528 149 3577 28
168 3524 198 3577 el
215 3522 350 3592 argentei.
422 3526 456 3576 29
475 3522 505 3575 el
523 3525 587 3575 acte
605 3535 639 3573 ex
657 3534 708 3575 om.
