2609 4017
530 170 749 235 „39-

130 332 221 394 debet
245 335 357 412 inponi.
395 332 437 393 Ad
462 332 631 412 nyctalopas
650 332 810 395 abolendas
828 334 989 414 lychnitem
1008 334 1203 417 lapidem,188

130 441 222 502 quem
246 441 301 483 nos
324 421 539 483 carbunculum
558 422 695 503 dicimus,
718 429 818 483 tecum
837 423 954 505 habeto,
977 442 1083 502 magno
1102 444 1148 485 re·

130 511 230 572 medio
255 513 363 593 uteris3
394 529 481 591 quem
505 520 539 572 ut
561 530 665 572 verium
689 529 755 572 esse
778 514 864 594 scias,
888 514 931 574 sic
955 514 1100 594 experire,
1124 515 1150 573 si

131 601 263 661 festucas
287 600 367 661 leves
390 600 522 661 admotas
545 600 580 660 ad
601 619 633 661 se
652 603 739 680 rapit,
763 604 840 662 sicut
858 600 932 681 lapis
951 620 1072 681 magnes
1091 601 1149 662 ler-

104 707 201 750 orum
219 708 325 769 rapere
345 691 507 751 consuevit.
540 689 626 750 Iecur
645 689 775 771 ovillum,
795 690 825 751 id
845 698 891 751 est
909 693 972 751 ovis
991 691 1203 773 candidac‚189

132 779 299 840 discoctum
328 796 396 839 crim
424 796 499 857 aqua
528 777 726 840 madefactum
754 782 976 859 contritumque
999 788 1030 840 et
1052 780 1147 841 oculis

132 870 356 948 superpositum
379 867 549 948 nyctalopas
572 875 688 947 purgat.
728 868 852 949 Verulis,
875 868 905 928 id
930 876 976 929 est
998 868 1203 931 hordioiisteo

133 956 299 1039 oculorum,
322 956 487 1017 remedium
510 956 568 1016 tale
592 956 696 1017 iacies:
720 956 831 1017 lutilos
858 957 958 1037 digitis
983 960 1094 1019 eximes
1118 966 1149 1019 et

133 1046 273 1106 sinistrae
301 1064 407 1106 manus
434 1045 534 1124 digitis
562 1045 661 1106 tribus
689 1045 809 1106 oculum
836 1048 952 1107 circum
979 1046 1095 1107 tenebis
1118 1053 1149 1107 et

93 1134 1201 1215 rmwmmfflwQQmffiMmm

132 1223 221 1285 oculo
243 1222 364 1284 varulus
389 1226 447 1284 erit
469 1231 565 1304 natus,
589 1242 678 1285 manu
704 1226 824 1284 sinistra
849 1224 950 1303 digitis
975 1224 1073 1285 tribus
1092 1224 1148 1285 sub

132 1312 200 1373 divo
216 1314 361 1373 orientem
382 1319 519 1391 spectans
537 1312 673 1374 varulum
691 1312 808 1373 tenebis
827 1320 857 1373 et
876 1313 971 1375 dices:
993 1313 1055 1375 Nec
1069 1313 1149 1375 mula

132 1404 212 1481 parit
234 1420 291 1463 nec
314 1401 388 1481 lapis
411 1400 507 1461 lanam
531 1401 589 1461 lert
611 1420 667 1462 nec
691 1401 761 1462 buic
783 1401 888 1462 morbo
917 1409 1007 1482 caput
1033 1409 1150 1463 crescat

132 1500 185 1552 aut
208 1492 236 1551 si
259 1491 394 1571 creverit,
417 1489 557 1551 tabescat.
596 1490 670 1551 Cum
694 1490 767 1551 haec
790 1491 911 1571 dixeris,
934 1492 1028 1552 isdem
1051 1491 1148 1552 tribus

92 1595 119 1635 15
132 1579 235 1659 digitis
259 1590 369 1640 terram
392 1586 497 1657 tanges
520 1586 550 1639 et
573 1580 702 1658 despues
721 1579 811 1659 idque
830 1588 877 1640 ter
896 1581 995 1640 iacies.
1031 1579 1203 1640 Effica1192

132 1668 190 1729 boc
219 1669 383 1729 remedium
411 1667 569 1729 hordioiis:
605 1666 717 1728 Novem
747 1686 837 1746 grana
866 1668 972 1729 bordei
996 1686 1096 1728 sumes
1120 1677 1151 1729 et

132 1758 170 1819 de
194 1757 321 1836 singulis
344 1776 446 1818 varum
475 1775 590 1836 punges
617 1774 732 1836 perque
757 1756 872 1836 singula
895 1765 1006 1835 puncta
1029 1774 1149 1817 carmen

131 1847 216 1908 dices
245 1855 275 1907 et
297 1848 439 1925 proiectis
462 1864 568 1906 novem
592 1848 692 1924 granis
721 1853 836 1925 septem
863 1845 919 1906 alia
947 1847 1092 1924 corripies
1120 1851 1151 1905 et

133 1934 272 1997 similiter
291 1935 327 1996 de
347 1934 471 2015 singuiis
490 1953 605 2014 punges
625 1944 656 1996 et
674 1953 794 1996 carmen
815 1937 925 2014 septies
944 1935 1035 2016 dices,
1053 1934 1150 1995 abiec-

93 2027 172 2086 2otis
202 2027 292 2085 etiam
318 2024 366 2085 his
399 2026 530 2103 quinque
559 2042 659 2085 sumes
693 2033 724 2085 et
755 2023 835 2085 idem
863 2026 1022 2104 quinquies
1049 2023 1150 2104 iacies,

133 2113 215 2175 idem
243 2113 279 2173 de
306 2112 404 2174 tribus
432 2115 531 2192 granis
560 2113 710 2195 similiter,
741 2113 820 2174 idem
851 2113 888 2174 de
916 2132 976 2174 uno
1004 2112 1149 2174 similiter.

133 2202 262 2263 Carmen
281 2210 380 2263 autem
403 2202 460 2263 hoc
484 2201 580 2263 dices:
604 2226 695 2282 nupto
716 2225 806 2283 κυρια
826 2219 972 2282 κασσαρια
993 2204 1151 2282 σουρωρβι.

134 2291 208 2353 ltem
232 2290 290 2353 hoc
311 2291 474 2352 remedium
495 2291 612 2353 efficax:
632 2291 728 2351 Grana
748 2310 853 2353 novem
871 2291 977 2352 hordei
996 2309 1097 2351 sumes
1116 2298 1205 2351 et193

133 2382 171 2442 de
196 2399 300 2442 eorum
323 2382 459 2442 acumine
478 2380 614 2441 varulum
632 2398 749 2460 punges
767 2389 798 2441 et
815 2399 870 2460 per
888 2388 1071 2459 punctorum
1089 2382 1149 2440 sin-

94 2486 119 2527 es
133 2469 219 2550 gulas
246 2472 327 2531 vices
355 2487 475 2531 carmen
508 2468 565 2529 hoc
598 2469 693 2530 dices:
730 2473 822 2550 φεῦγε
851 2473 957 2549 φεῦγε,
985 2470 1092 2549 κρείων
1118 2486 1151 2529 σε

134 2556 245 2621 διώκει.
277 2558 350 2620 ltem
370 2559 464 2637 digito
482 2557 652 2620 medicinali
674 2576 777 2618 varum
796 2560 972 2636 contingens
991 2557 1072 2617 dices
1091 2565 1151 2618 ter:

133 2650 246 2727 vigaria
269 2650 384 2727 gasaria
406 2666 569 2727 varumque
595 2666 686 2727 grano
710 2646 815 2706 hordei
838 2645 955 2706 ardenti
974 2653 1025 2705 aut
1043 2644 1151 2724 stipula

134 2739 215 2798 faeni
242 2745 294 2798 aut
316 2735 399 2817 palea
423 2754 501 2797 ures.
547 2735 805 2797 Confectiones
833 2734 1069 2814 collyriorum
1099 2734 1151 2794 di·

133 2844 322 2887 versorum
343 2826 384 2886 de
408 2827 670 2904 experimentis
690 2827 751 2886 sic.
782 2824 943 2905 Collyrium
963 2831 1090 2885 stactum
1109 2822 1206 2883 adtut

93 2932 120 2973 so
135 2923 274 2977 recentes
298 2913 438 2993 caligines
463 2921 493 2975 et
515 2923 635 2993 coeptas
660 2914 839 2975 suffusiones
859 2912 1013 2975 oculorum
1032 2913 1151 2974 confici·

134 3002 1152 3084 mmwfflmmXWQmffiQQaeXfflffmm

135 3090 1151 3175 XlQmmufflXIQmffimleQmwmxb

135 3182 194 3262 lyci
212 3180 238 3241 ll
257 3180 278 3262 1,
302 3183 382 3243 croci
402 3181 428 3241 ll
446 3180 468 3263 1,
492 3199 631 3242 cerussae
650 3180 676 3241 X
695 3179 717 3262 l,
735 3181 815 3242 aloes
836 3181 896 3259 ill,
919 3183 1070 3259 aeruginis
1089 3178 1151 3259 iil,

135 3270 252 3351 lepidae
276 3270 399 3352 Cypriae
423 3269 448 3330 ll
468 3270 490 3349 1,
513 3273 573 3349 opii
596 3269 654 3330 Xl
675 3270 704 3348 S,
726 3272 839 3350 piperis
860 3287 950 3348 grana
969 3268 1033 3349 XX,
1057 3275 1152 3327 casto·

95 3374 122 3415 ³⁵
137 3362 183 3421 rei
201 3359 227 3419 il
242 3360 255 3420 l
270 3359 298 3441 S,
319 3362 446 3438 gummis
465 3358 565 3420 ivn.
602 3358 682 3420 llaec
701 3362 799 3420 omnia
817 3362 848 3419 in
867 3357 1021 3437 pulverem
1038 3358 1151 3417 tenuis·

210 3554 338 3619 tquam.
393 3548 550 3603 4fistuces.
606 3548 764 3603 lordiolis.
831 3552 863 3602 18
882 3548 989 3616 etpost
1007 3545 1082 3601 dices
1101 3561 1153 3600 om.
