2609 4017
465 190 709 255 -197-

95 351 217 413 dolorem
245 363 275 415 et
303 355 339 415 ad
367 353 507 416 convulsa
535 352 582 413 vel
606 361 694 432 rupta
718 355 860 414 interiora
883 361 914 415 et
937 355 973 415 ad
996 357 1100 417 urinae

94 441 289 504 difficultatem
312 445 379 505 data
402 443 564 523 plurimum
586 443 677 502 iuvat.

173 530 355 611 Cataplasma
378 533 434 593 hoo
459 531 611 592 stomacho
634 533 779 610 inponere
801 550 861 593 non
881 531 1009 594 alienum
1029 535 1100 596 erit:
1119 547 1153 597 30

92 618 152 679 llali
179 619 303 699 cydonei
331 640 367 682 ex
394 622 490 682 farina
518 623 608 701 cocti,
636 620 667 680 id
696 628 742 680 est
765 619 824 681 illic
847 620 985 702 involuti,
1009 619 1099 700 XVI,

71 716 268 770 acareotarum
288 710 395 789 pulpae
416 710 556 771 subactae
575 708 664 788 XIII,
689 727 774 769 cerae
788 743 832 752 —
847 709 906 792 VII,
928 713 1009 772 croci
1024 708 1100 792 XII,

92 794 211 858 absinthi
235 797 261 857 X
281 797 316 880 II,
339 800 398 860 olei
420 798 522 860 malini
545 805 597 858 aut
614 801 723 878 myrtei
741 796 767 857 X
786 797 830 858 VI.
864 797 938 860 Vino
958 818 1098 879 conspar-

91 885 163 961 gitur
189 905 327 968 crocum,
359 889 442 949 arida
474 887 658 967 tunduntur,
691 906 759 948 cera
789 886 921 966 liquatur
953 897 983 950 et
1012 888 1101 949 simul

91 976 178 1034 omnia
202 979 438 1038 commiscentur
461 984 550 1056 atque
574 979 615 1036 ita
639 975 830 1056 adponuntur
853 995 944 1037 ‘mane
968 979 1000 1037 ln
1023 978 1100 1039 lecto

91 1063 234 1125 stomacho
258 1065 413 1127 laboranti.
444 1065 508 1126 Hoc
532 1083 651 1145 quoquc
675 1065 853 1144 cataplasma
872 1065 1025 1126 stomacho
1044 1069 1101 1128 uti·
1120 1080 1153 1128 31

59 1149 228 1214 colissimnm
262 1163 325 1216 est:
370 1155 539 1216 Palmarum
565 1156 726 1214 interiores
754 1163 855 1232 partes
883 1154 985 1234 XIII,
1020 1157 1102 1216 croci

91 1236 173 1321 XIII,
196 1242 403 1322 hypocistidos
425 1243 483 1303 XI
503 1243 533 1323 S,
556 1243 626 1303 mali
649 1243 775 1322 cydonei
798 1245 885 1325 cocti,
908 1252 943 1305 ut
962 1246 1101 1323 superlus

92 1326 154 1407 dlxi,
176 1329 267 1412 XVI,
291 1332 429 1393 ahsenthi
452 1334 518 1393 suci
540 1330 634 1412 XIII,
658 1331 740 1392 lloris
764 1332 834 1393 mali
857 1337 971 1411 granati
994 1332 1052 1394 XI
1072 1333 1101 1414 S,

91 1414 173 1477 laecis
199 1423 262 1482 vini
293 1421 361 1482 Chii
383 1420 477 1503 XVI,
506 1438 591 1481 cerae
616 1419 642 1480 X
661 1419 729 1502 XII,
758 1421 817 1481 olei
845 1425 967 1501 myrtini
994 1423 1020 1482 X
1039 1422 1103 1504 XII,

92 1503 249 1570 chameleac
279 1513 359 1590 eius,
387 1528 464 1588 quae
490 1509 598 1570 similia
625 1508 694 1569 lolia
717 1508 806 1570 hahet
831 1510 938 1592 olivae,
966 1530 1003 1571 ex
1026 1530 1102 1590 aqua

61 1603 185 1656 coccae
212 1598 309 1679 XVI,
335 1600 461 1660 mirilico
490 1601 569 1658 enim
597 1598 721 1677 prodest
749 1596 915 1679 stomacho,
942 1601 1102 1678 praecipue

92 1697 173 1744 sucus
200 1688 338 1749 eiusdem
368 1687 504 1748 slmiliter
533 1689 691 1766 impositus
720 1687 755 1746 ad
782 1686 922 1748 convulsa
945 1687 992 1748 vel
1015 1695 1103 1766 rupta

93 1777 386 1838 convenientissimus
410 1785 463 1837 est.

120 1942 123 1945 1
172 1862 261 1926 Hiera
285 1866 323 1926 ad
347 1865 533 1926 stomachum
557 1863 806 1944 confirmandum,
829 1871 929 1925 movet
951 1864 1103 1926 interdum
1121 1877 1155 1926 32

93 1957 230 2031 uentrem,
261 1955 416 2016 interdum
448 1958 580 2034 urinam,
613 1954 771 2014 conficitur
804 1955 860 2014 sio:
907 1952 994 2014 hloes
1022 1953 1047 2014 X
1071 1953 1104 2034 V,

62 2037 290 2126 nxyiohalsami,
314 2045 410 2124 acori,
437 2045 533 2124 croci,
560 2042 645 2102 nardi
670 2041 821 2123 Syriacae,
849 2045 981 2104 masticis
1005 2043 1103 2123 Chiae,

95 2126 272 2204 singulorum
291 2133 430 2193 denarios
450 2150 548 2212 senos,
566 2130 744 2192 malobathri
762 2130 788 2191 X
806 2131 832 2213 l;
856 2140 996 2194 teruntur
1015 2150 1103 2212 quam

95 2211 313 2293 diligentissime
343 2239 480 2282 seorsum
508 2223 605 2281 omnia
634 2239 667 2281 ac
696 2221 803 2282 deinde
830 2223 922 2282 mixta
951 2223 982 2281 in
1009 2239 1103 2282 unum

95 2317 283 2380 reponuntur.
317 2310 391 2370 Cum
415 2327 490 2389 opus
514 2316 568 2388 est,
593 2309 701 2370 dantur
724 2310 793 2370 inde
817 2309 961 2370 coclearia
982 2309 1103 2389 quihus·

95 2387 153 2452 dam
176 2396 244 2481 duo,
269 2397 447 2478 quibusdam
471 2400 529 2458 tria
553 2417 589 2458 ex
612 2417 715 2477 aquaev
730 2398 843 2477 cyathis
867 2416 918 2458 sex
937 2398 983 2459 vel
1003 2399 1103 2458 mixtis

64 2489 157 2542 ²⁵eum
178 2489 240 2548 uini
264 2487 379 2568 cyathis
402 2487 500 2548 trihus
522 2487 569 2547 vel
588 2505 624 2547 ex
644 2485 777 2564 quolihet
795 2487 851 2546 alio
870 2486 995 2565 liquore,
1013 2493 1104 2564 prout

96 2577 243 2637 conveniet
267 2575 429 2657 stomacho,
454 2576 587 2637 eiusdem
611 2592 769 2636 mensurae
793 2572 921 2634 dahitur.

174 2662 293 2726 Pontice
317 2665 481 2726 Cosmiana.
529 2664 594 2724 Iloc
622 2663 870 2723 medicamentum
899 2661 935 2722 ad
960 2660 1104 2722 stomachi
1122 2676 1156 2724 33

95 2744 158 2806 ritia
180 2761 210 2813 et
233 2754 270 2814 ad
295 2755 462 2814 coctionem
485 2753 569 2814 valde
592 2751 666 2812 utile
686 2759 741 2831 est,
765 2754 872 2830 achpit
890 2751 977 2812 haec:
1000 2751 1102 2810 Petro·

95 2833 166 2897 silini
193 2841 219 2902 X
243 2842 308 2923 VII,
340 2842 403 2922 phu
432 2841 548 2922 XIIII,
576 2843 690 2920 piperis
718 2840 776 2900 alhi
804 2839 829 2899 X
853 2839 972 2922 XVIIII,
1004 2839 1103 2900 Inulae

64 2917 118 2978 VX
135 2923 165 3007 V,
187 2947 299 2992 nucum
321 2931 506 3010 iuglandium
530 2931 725 2991 animatarnm
749 2929 844 3011 XVI,
870 2948 981 2991 nucum
1004 2932 1103 3009 pinea·

95 3026 156 3073 sum
177 3022 372 3081 animatorum
396 3018 510 3099 XXII,
534 3021 592 3080 ami
615 3018 641 3078 X
661 3016 734 3099 VIII,
757 3019 888 3098 ligustici
912 3018 1019 3100 XXII,
1042 3021 1104 3078 zin-

96 3099 197 3173 giberis
223 3107 250 3168 X
274 3107 352 3189 VIII,
380 3109 460 3168 carei
489 3106 514 3167 X
539 3106 605 3187 XII,
639 3109 700 3186 apii
727 3109 849 3168 seminis
878 3107 993 3189 XXII,
1022 3109 1105 3167 anesi

97 3183 200 3277 livill,
219 3196 399 3258 cardamomi
413 3195 439 3256 X
455 3194 529 3276 VIII,
548 3197 631 3256 acori
644 3195 671 3255 X
685 3193 731 3276 Vl,
751 3196 837 3257 dauci
854 3197 977 3256 seminis
992 3194 1017 3254 X
1030 3193 1104 3275 VIII,

98 3274 201 3345 olisatri
223 3288 346 3346 seminis
370 3285 396 3345 X
416 3283 479 3365 XII,
502 3284 625 3344 feniculi
648 3285 771 3345 seminis
794 3283 884 3345 XVI.
922 3283 1005 3343 Facit
1028 3281 1104 3342 hene

179 3420 316 3476 lorinae.
379 3425 411 3474 13
430 3417 515 3474 foces.
577 3423 610 3473 14
629 3418 793 3475 chameliae.
853 3424 887 3472 20
906 3415 1103 3487 xyrohalsami.

99 3483 127 3534 21
146 3487 326 3547 denariorum.
381 3496 416 3545 25
434 3489 501 3545 vino
520 3489 629 3545 ciathis.
684 3495 718 3544 29
732 3489 802 3560 phu]
817 3489 888 3558 pthi.
945 3494 980 3542 34
996 3487 1105 3544 olisatri

98 3558 201 3626 scripsi,-
218 3562 366 3631 olisandri3
386 3579 425 3617 an
443 3562 617 3617 rendendum
635 3560 790 3616 coliandri?
863 3558 986 3615 fenicoli.
