2609 4017
582 168 732 233 -298
783 206 820 215 —

141 352 175 401 38
194 349 285 411 super
308 329 481 392 umbilicum
504 328 667 390 laborantis
689 330 812 410 adpone.
849 329 940 390 Bacas
958 329 1036 391 lauri
1053 338 1117 394 tres
1137 347 1215 389 cum

193 419 303 481 herbae
326 421 428 479 riucae
453 417 630 479 cocliaribus
652 418 750 480 tribus
773 420 886 499 pariter
904 418 1071 479 contundes
1093 426 1126 478 et
1146 417 1214 477 adi-

194 511 255 570 cies
278 510 339 567 vini
362 507 450 568 calidi
473 507 586 585 cyathis
608 504 707 566 tribus
729 515 760 567 et
782 506 912 567 colatum
934 505 1097 567 bibendum
1121 504 1215 566 dabis

141 617 174 666 oe
194 599 234 678 ei,
263 598 315 675 qui
337 597 451 656 ventris
473 594 575 655 dolore
599 594 761 656 vexabitur.
803 594 937 673 Corrigia
960 598 1064 655 canina
1086 594 1215 655 medius

194 688 330 763 cingatur
353 686 405 761 qui
428 681 539 743 dolebit
562 691 704 763 ventrem,
727 684 826 744 statim
849 682 1070 744 remediabitur.
1226 701 1240 742 s
1294 739 1296 760 ‚

140 793 175 842 40
283 771 390 832 Contra
419 772 531 831 ventris
558 770 691 831 dolorem
722 773 903 850 argimoniae
935 770 1045 831 herbae
1073 770 1216 831 radicem
1294 783 1296 820 t

193 860 260 939 palo
283 859 380 938 ligneo
400 859 519 919 effodite
539 877 664 938 eamque
682 862 783 920 tritam
801 878 838 919 ex
855 878 932 939 aqua
950 858 1109 919 bibendam
1129 859 1214 918 dato.
1294 828 1296 897 l

140 948 347 1028 41Lychnum
370 948 523 1009 ardentem
546 946 687 1008 umbilico
710 966 879 1027 superpone
903 954 933 1007 et
951 948 1081 1026 desuper
1098 964 1214 1007 cucur·
1294 898 1296 1009 l

194 1038 285 1098 bitam
303 1035 507 1097 medicinalem
526 1044 577 1096 aut
595 1036 718 1097 calicem
737 1036 906 1115 oblongum,
925 1038 951 1096 si
969 1034 1129 1096 cucurbita
1148 1053 1214 1095 non
1294 1011 1296 1131 l

193 1127 293 1203 fuerit,
316 1125 469 1185 admoveto
493 1133 523 1185 et
541 1123 692 1202 paulisper
711 1126 872 1204 cortinam,
895 1124 1051 1185 confestim
1071 1122 1213 1183 dolorem
1226 1142 1251 1181 ro

140 1233 175 1281 44
194 1215 307 1275 ventris
325 1221 449 1273 avertes.
481 1210 616 1273 Puleium
635 1212 911 1273 commanducatum
931 1220 960 1273 et
979 1212 1015 1273 ad
1030 1211 1215 1272 umbilicum
1294 1211 1296 1276 l

193 1304 323 1381 positum
351 1308 440 1379 atque
467 1298 527 1360 illic
553 1300 716 1381 alligatum,
743 1319 791 1360 ne·
805 1299 903 1380 cadat,
931 1300 1063 1361 dolorem
1086 1317 1214 1360 omnem
1294 1281 1296 1309 ¹

140 1408 174 1457 43
194 1391 306 1449 ventris
334 1391 475 1449 continuo
503 1388 634 1449 discutit.
675 1388 784 1449 Anethi
811 1390 934 1450 seminis
958 1388 1111 1467 paululum
1137 1406 1211 1448 con·
1294 1321 1296 1464 l

140 1497 176 1545 44
194 1480 299 1539 tritum
322 1496 358 1537 er
381 1496 458 1557 aqua
480 1484 584 1556 potum
607 1479 741 1537 internos
760 1479 872 1537 ventris
891 1476 975 1538 sedat
993 1476 1119 1536 dolores.
1157 1474 1210 1536 Ni·
1294 1475 1296 1528 l

194 1574 275 1628 trum
298 1568 374 1627 aceti
397 1564 510 1645 cyathis
533 1563 649 1625 duobus
672 1563 865 1643 liquefactum
890 1574 922 1626 et
943 1573 1046 1643 potum
1069 1562 1248 1625 doloremrs
1294 1537 1296 1602 l

193 1657 404 1717 intestinorum
427 1661 565 1732 potenter
587 1655 702 1714 avertit.
1294 1667 1295 1732 j

140 1760 175 1809 44
284 1743 428 1814 Quotiens
446 1741 530 1801 dolor
549 1748 579 1801 et
597 1743 761 1801 contractio
775 1742 986 1801 intestinorum
1000 1742 1113 1801 ventris
1129 1742 1212 1801 orie·
1294 1745 1295 1814 t

193 1840 257 1911 tur,
284 1830 504 1909 vespertilionis
527 1831 670 1907 sanguine
693 1837 797 1890 ventre
820 1848 910 1889 manu
931 1830 1090 1909 perfricato
1112 1836 1149 1889 et
1172 1828 1211 1889 ad
1294 1817 1296 1880 l

140 1935 175 1986 44
193 1937 336 1997 praesens
359 1917 517 1978 subvenies
541 1924 571 1978 et
593 1920 625 1977 in
643 1924 739 1978 totum
759 1936 869 1978 annum
888 1916 1053 1977 medebere.
1087 1915 1210 1996 Piperis

194 2024 284 2083 grana
308 2004 415 2065 LXXX
442 2007 570 2066 contrita
598 2014 628 2065 et
656 2024 691 2066 ex
717 2024 793 2083 aqua
815 2013 885 2084 pota
907 2008 982 2065 mire
1004 2003 1112 2065 tollunt
1137 2023 1209 2065 ven·
1223 2022 1250 2062 so

141 2108 175 2158 tr
195 2096 250 2153 tris
278 2092 418 2153 dolorem.
466 2092 498 2153 Si
525 2095 575 2153 cui
601 2094 633 2153 in
661 2095 708 2153 via
734 2101 785 2153 aut
812 2096 843 2154 in
870 2093 935 2154 loco
962 2093 1060 2173 aliquo
1090 2092 1211 2154 difficili

194 2180 312 2241 subitus
340 2180 425 2240 dolor
452 2182 565 2241 ventris
592 2189 644 2242 aut
671 2184 882 2242 intestinorum
910 2182 1013 2261 luerit,
1044 2181 1116 2241 lotio
1152 2200 1209 2242 suo

141 2285 175 2333 48
195 2269 349 2347 degustato
373 2270 514 2329 continuo
533 2269 693 2331 sanabitur.
726 2269 758 2329 Si
777 2272 844 2349 quis
862 2268 954 2332 talum
971 2270 1083 2348 leporis
1101 2286 1210 2329 secum
1294 2309 1295 2342 t

194 2357 344 2439 habuerit,
372 2358 503 2417 inmunis
526 2375 542 2417 a
565 2357 667 2417 dolore
691 2360 802 2418 ventris
826 2364 856 2418 et
878 2357 1011 2437 periculo
1033 2357 1210 2418 huiusmodi
1294 2345 1295 2364 ¹

194 2453 339 2526 perpetuo
362 2444 556 2524 permanebit.
1220 2461 1249 2502 aa

141 2550 175 2599 49
282 2534 327 2595 Ad
350 2536 490 2595 intestina
509 2541 596 2612 rupta
615 2533 783 2612 leporinum
802 2540 919 2594 stercus
937 2541 1025 2614 atque
1044 2535 1135 2593 etiam
1152 2532 1207 2613 pili

195 2622 330 2683 vellana
352 2624 417 2683 eius
440 2621 476 2682 de
498 2620 675 2683 subventrili
696 2639 764 2681 cum
789 2621 875 2681 melle
894 2621 1015 2682 decocta
1038 2621 1074 2681 ad
1093 2624 1206 2701 magni·

194 2711 328 2772 tudinem
351 2710 434 2771 labae
457 2709 620 2788 gluttienda
649 2709 823 2788 frequenter
850 2709 918 2771 data
945 2711 1078 2789 quamvis
1106 2712 1205 2789 perni-

195 2802 275 2860 ciose
293 2801 390 2877 ruptis
408 2800 557 2860 intestinis
577 2796 715 2859 celeriter
734 2797 879 2878 medetur,
900 2800 940 2858 ita
959 2805 993 2859 ut
1011 2800 1103 2858 etiam
1120 2806 1205 2859 tenu·

194 2888 271 2959 iora,
304 2904 380 2965 quae
413 2886 526 2946 luerint
557 2886 706 2966 disrupta,
738 2885 877 2968 glutinet,
909 2886 963 2947 sed
992 2884 1117 2947 adsidue
1149 2887 1204 2947 boc
1217 2902 1245 2943 aa

194 2973 389 3034 medicamine
412 2973 556 3035 utendum
580 2981 634 3054 est,
658 2973 752 3034 donec
775 2973 942 3052 periculum
964 2992 1052 3035 omne
1074 2973 1205 3035 tollatur.

142 3077 176 3128 50
284 3061 333 3121 Ad
361 3060 477 3121 colum
504 3064 632 3123 mirum
660 3061 864 3123 remedium.
910 3061 980 3122 Colo
1008 3062 1205 3123 etomnibns

194 3151 403 3211 intestinorum
432 3149 583 3211 doloribus
611 3158 642 3211 et
668 3157 729 3210 tam
756 3149 927 3210 hominibus
951 3168 1041 3230 quam
1063 3152 1205 3211 iumentis

195 3258 230 3300 ex
253 3239 309 3300 hac
332 3256 365 3299 re
387 3237 590 3299 laborantibus
614 3238 818 3299 efficacissime
837 3237 976 3299 subvenit
993 3240 1055 3299 avis
1073 3238 1205 3319 galerita,

285 3379 300 3429 't
319 3372 451 3428 bibenda.
515 3377 548 3426 11
566 3372 689 3441 poleium
708 3372 978 3429 commanducatum
1040 3360 1075 3427 18
1093 3389 1204 3443 vesper·

194 3442 323 3498 tillionis.
383 3448 416 3496 19
435 3441 555 3497 medere.
615 3448 648 3497 tt
669 3440 872 3513 magnitudine.
926 3448 960 3497 32
980 3442 1049 3498 Colo
1068 3444 1100 3499 et
1118 3443 1205 3499 omni·

195 3512 259 3581 bus]
278 3512 357 3567 Hine
373 3514 474 3582 incipit
492 3512 568 3581 opud
587 3511 751 3567 comeum
768 3529 828 3582 cap.
847 3512 987 3569 XXVlllL
