2609 4017
507 152 744 216 -377-

211 313 334 376 Galbani
358 317 549 396 semunciam,
572 316 751 394 opopanacis
774 316 878 376 uncias
901 315 984 396 duas,
1007 319 1135 378 castorei
1153 325 1187 376 53

113 405 225 464 uncias
249 403 289 485 ll,
317 422 403 465 cerae
431 403 462 465 P.
488 403 528 486 ll,
555 403 613 464 olei
640 403 750 464 lauriui
775 405 880 464 uncias
902 403 942 485 ll,
970 404 1027 466 olei
1055 423 1134 466 com·

113 495 221 565 munis
249 492 280 553 P.
300 492 327 573 l,
354 492 413 552 olei
440 494 549 552 veteris
577 492 692 553 rancidi
718 492 750 553 P.
769 492 795 574 l,
824 493 989 571 aphronitri
1017 495 1135 555 candidi

113 581 227 661 pilulas
251 581 421 662 duodecim,
449 580 596 643 medullae
620 583 756 642 cervinae
779 581 878 660 pondo
902 600 1008 661 unum,
1034 583 1135 661 butyri

83 669 150 730 cP.
176 670 203 750 l,
231 669 330 730 clavos
358 669 500 749 caligares
529 670 565 730 de
594 669 768 730 sterculinio
796 669 937 732 collectos
965 672 1003 732 de
1031 672 1135 733 dextra

114 758 213 837 caliga
232 756 305 838 Vlll,
329 758 366 819 de
389 761 509 820 sinistra
533 767 648 837 septem
666 760 698 818 in
717 759 841 837 singulis
859 759 988 820 linteolis
1007 760 1134 841 alligato,

116 849 163 908 sic
191 849 224 908 in
252 865 377 910 aeneum
405 849 502 928 mitte3
530 846 637 907 deinde
666 849 707 907 ita
735 865 803 908 cum
828 851 1061 928 suprascriptis
1085 849 1135 910 de·

116 954 225 1017 coque,
249 943 283 996 ut
306 936 497 1015 emplastrum
517 936 644 996 densum
663 935 753 996 facias
771 935 898 1015 pedibus
917 955 986 997 cum
1004 938 1135 999 volueris

116 1024 337 1104 adponendum.
370 1024 577 1104 Opopanacem
600 1042 671 1084 sane
694 1042 763 1085 cum
785 1023 954 1106 liquaveris,
977 1025 1135 1104 galbanum

71 1120 223 1192 1opostea
246 1113 387 1194 bquabis3
409 1111 517 1174 dehinc
536 1115 634 1173 omnia
653 1112 768 1192 reliqua
790 1131 859 1174 cum
877 1117 1004 1196 coxeris,
1022 1114 1135 1176 celabis

118 1210 152 1262 et
175 1203 219 1262 sic
243 1201 279 1262 dc
302 1203 458 1281 permixtis
481 1201 619 1262 omnibus
638 1200 832 1280 emplastrum
851 1202 955 1284 lacies3
978 1203 1135 1264 miraberis

117 1291 288 1351 remedium
310 1291 465 1373 podagrae,
489 1293 558 1369 quia
580 1289 711 1369 pahnare
734 1299 789 1352 est.

211 1379 255 1439 Ad
282 1381 426 1458 impetum
458 1379 605 1458 podagrae
639 1379 818 1458 remedium,
850 1380 930 1458 quod
959 1380 1135 1442 Artemisius
1154 1385 1189 1436 54

118 1467 226 1528 Dianio
250 1469 380 1528 ostendit
403 1470 460 1528 sic:
488 1467 575 1528 Croci
598 1468 735 1529 denarios
759 1469 847 1548 duos,
870 1469 1002 1546 pulveris
1026 1470 1136 1550 Asiani,

74 1570 103 1611 15
118 1557 150 1617 id
179 1563 226 1616 est
253 1557 289 1617 de
315 1556 412 1635 lapide
435 1555 599 1635 Magnesio,
627 1558 679 1635 qui
705 1559 737 1616 in
765 1556 919 1617 venalibus
946 1557 1066 1617 dillicile
1090 1560 1135 1618 in·

120 1647 254 1727 venitur,
281 1647 399 1706 unciam
427 1663 531 1724 uuam3
559 1645 611 1705 sed
640 1647 667 1704 si
694 1644 743 1705 hic
771 1647 907 1724 nonsit,
934 1663 989 1724 pro
1012 1646 1135 1724 pulvere

120 1733 288 1813 aphronitri
311 1733 385 1793 -1
409 1736 508 1794 mittes
532 1741 562 1794 et
585 1751 709 1794 ovorum
733 1740 874 1812 quattuor
891 1733 1052 1815 lacrimam,
1075 1753 1135 1795 non

121 1821 288 1884 medullam.
334 1821 414 1883 Haec
442 1824 511 1883 trita
540 1832 569 1882 et
597 1824 688 1882 mixta
716 1831 926 1901 conponuntur
955 1824 987 1882 in
1015 1823 1135 1883 modum

121 1913 226 1991 ceroti,
249 1929 308 1990 quo
333 1910 560 1990 superlinuntur
581 1910 674 1989 pedes
697 1911 734 1971 de
757 1910 887 1988 pinnula.

78 2014 107 2053 ao
213 1999 349 2060 Farinam
373 2000 410 2059 de
433 1998 564 2059 meliloto
587 2001 619 2059 in
641 1999 713 2059 lotio
736 1998 865 2059 humano
889 2006 920 2059 st
942 2001 1069 2078 axungia
1088 2018 1135 2060 ve·
1154 2004 1189 2054 55
1218 2065 1228 2080 .

120 2096 187 2149 tere
216 2105 368 2166 coccoque
397 2105 520 2167 eamque
549 2106 645 2167 panno
679 2087 771 2148 inline
804 2094 835 2148 et
866 2105 932 2148 mox
967 2088 1019 2149 ubi
1051 2088 1136 2149 dolor

121 2175 333 2256 auspicabitur,
357 2176 483 2255 pedibus
506 2178 639 2259 impone,
662 2185 822 2256 procerto
847 2179 946 2237 statim
970 2196 1039 2238 eum
1061 2177 1136 2238 mul·

121 2264 202 2326 cebit
224 2265 281 2325 hoc
303 2265 478 2325 remedium.

211 2353 364 2432 hxungiae
391 2352 422 2414 P.
451 2356 521 2432 tria,
554 2355 671 2413 resinae
703 2352 921 2414 terebinthinae
949 2353 980 2413 P.
1005 2354 1033 2434 l,
1060 2357 1136 2434 picis
1155 2358 1190 2410 56

78 2453 107 2496 ss
121 2441 252 2521 liquidae
275 2440 305 2501 P.
330 2442 355 2522 l,
385 2459 471 2502 cerae
499 2443 665 2501 communis
688 2441 719 2501 P.
743 2441 769 2519 l,
797 2440 950 2520 sulphuris
977 2443 1034 2502 vivi
1062 2442 1095 2504 P.
1114 2443 1136 2523 l,

120 2537 207 2590 rutae
231 2530 334 2590 viridis
359 2523 466 2616 2111,
490 2529 613 2590 schoeni
634 2561 671 2572 -
692 2528 728 2603 ll,
751 2528 866 2589 bdellae
889 2533 1080 2590 recentis-
1100 2530 1135 2592 ll.

121 2618 196 2680 Cum
219 2621 317 2678 omnia
340 2617 517 2679 remittenda
540 2619 693 2679 remiseris
716 2624 746 2677 et
769 2625 868 2678 cetera
892 2619 1062 2699 miscueris,
1086 2638 1137 2679 no·

121 2710 242 2768 vissime
271 2707 368 2769 sullur
396 2714 519 2767 tunsum
546 2707 657 2767 adicies
686 2713 716 2766 ct
739 2709 836 2766 omnia
859 2708 942 2767 iuxta
964 2709 1064 2786 ignem
1088 2727 1136 2768 ex·

123 2797 230 2874 agitata
254 2795 402 2856 miscebis.
436 2794 516 2856 flacc
540 2796 716 2874 compositio
734 2795 883 2874 praesidio
902 2805 1016 2857 servata
1035 2815 1136 2875 quam-

82 2887 168 2945 acris
191 2903 290 2946 acrem
313 2886 458 2962 impetum
481 2883 627 2963 podagrae
651 2885 777 2944 orientis
800 2885 955 2962 extinguit.
1007 2932 1011 2938 .

212 2973 277 3034 Olei
310 2975 425 3052 cyprini
457 2972 587 3033 modium
621 2975 652 3032 in
685 2989 809 3032 aeneum
842 2974 972 3033 canicies
1009 2992 1136 3052 cumque
1156 2977 1189 3029 5⁷

122 3063 253 3141 primum
276 3060 414 3141 fervebit,
442 3063 542 3122 mittes
565 3063 597 3120 in
619 3060 693 3121 illud
718 3059 835 3139 vulpem
859 3060 1019 3122 masculam
1044 3063 1140 3140 vivam·

123 3159 153 3211 et
181 3158 241 3211 tam
264 3151 316 3210 diu
345 3168 471 3230 coques,
501 3149 596 3210 donec
624 3168 735 3228 corpus
762 3151 827 3210 eins
856 3149 977 3210 surculo
1001 3150 1137 3211 facillime

121 3239 336 3319 transforatum
354 3246 427 3299 tunc
446 3237 543 3298 oleum
558 3237 724 3317 percolahis
741 3244 772 3298 et
785 3238 896 3298 adicies
910 3240 941 3297 in
955 3238 986 3298 id
1000 3241 1137 3319 samsuci,

213 3450 247 3499 22
267 3461 318 3513 pro
338 3443 426 3516 certo]
447 3461 486 3499 au
504 3445 660 3514 tepentium.-
683 3444 797 3514 impone
819 3460 871 3513 pro
890 3446 1000 3511 ceroto,
1019 3444 1135 3500 statim?

123 3522 158 3571 32
178 3515 333 3570 masculam
353 3515 446 3572 vivam
465 3517 578 3585 scripsi:
596 3517 753 3570 masculum
770 3513 866 3569 vivum
886 3515 1046 3570 domarius.

1152 3728 1240 3833 ,-
