2609 4017
535 213 756 277 ..69-

134 386 199 439 tum
228 396 298 438 sane
328 376 432 438 eodem
456 376 521 437 loco
544 378 575 437 in
600 395 659 457 quo
683 378 799 456 ceperis
823 377 968 457 dimittes,
995 376 1042 437 vel
1064 380 1153 438 etiam

135 468 162 527 si
186 468 359 545 sanguinem
386 465 422 526 de
446 465 540 527 oculis
564 468 629 527 eius
652 466 717 527 lana
742 465 851 526 munda
874 467 1004 545 excipias
1029 484 1154 545 eamque

134 556 293 637 phoenicio
314 554 470 615 convolvas
489 554 625 635 colloque
644 556 817 636 suspendas,
835 556 930 616 uteris
947 555 1153 616 efficacissimo

135 645 294 705 adversum
318 643 473 706 oculorum
497 643 628 705 dolorem
652 643 793 705 remedio.
831 643 936 706 Cancri
960 643 1065 706 oculus
1084 643 1152 705 sub
1172 657 1205 706 51

108 734 230 795 utiliter
264 732 397 795 sublatus
430 740 460 794 et
491 736 522 793 in
555 734 713 812 phoenicio
741 732 906 813 conligatus
939 732 1074 813 colloque
1105 751 1153 795 su·

137 840 266 903 spensus
285 821 455 901 lippitudini
474 824 629 903 incipienti
648 821 794 904 medetur,
817 826 843 883 si
865 831 964 883 tamen
988 821 1153 883 remedium

137 931 152 972 a
177 921 260 973 casto
283 912 403 973 homine
427 911 485 972 fiat.
527 910 568 971 lie
592 929 682 972 manu
706 913 825 972 sinistra
849 930 981 972 muscam
1005 913 1105 992 capies
1123 919 1153 973 et
1172 922 1206 972 52

137 1001 209 1063 dum
228 1002 328 1080 capies
347 999 447 1061 dicere
466 999 589 1061 debebis
602 1018 711 1061 nomen
725 1002 799 1083 eius,
818 1002 867 1062 cui
881 1000 1047 1061 remedium
1061 1001 1152 1062 iactu·

136 1108 190 1152 rus
215 1108 256 1170 es,
279 1098 309 1149 te
328 1088 362 1149 ad
382 1088 531 1151 curandos
550 1088 652 1150 oculos
671 1091 736 1150 eius
755 1108 889 1150 muscam
906 1090 1067 1171 prendere3
1090 1099 1155 1150 tum

96 1200 122 1239 1o
137 1181 233 1240 vivam
266 1196 329 1238 eam
360 1177 465 1257 ligabis
492 1180 523 1238 in
551 1177 643 1238 linteo
674 1186 704 1238 51
731 1178 896 1257 suspendes
924 1177 999 1239 collo
1027 1176 1154 1239 dolentis

136 1286 194 1329 nec
214 1275 295 1327 retro
315 1267 466 1347 respicies.
497 1267 539 1327 Ad
560 1265 720 1346 epiphoras
738 1266 893 1329 oculorum
910 1267 1055 1328 sedandas
1069 1266 1154 1347 lima·
1174 1280 1208 1328 55

137 1376 189 1418 555
218 1355 377 1435 conplures
406 1364 469 1416 tere
499 1358 529 1416 in
557 1358 700 1417 mortario
728 1374 804 1417 novo
833 1356 879 1417 vel
901 1355 995 1418 nitido
1019 1366 1049 1417 et
1072 1355 1155 1417 adice

136 1446 179 1506 ibi
204 1463 291 1505 ovum
310 1444 503 1524 gallinaceum
527 1446 679 1507 incoctum
702 1455 733 1506 51
755 1447 857 1525 tingue
880 1444 941 1507 illic
963 1445 1059 1506 lanam
1079 1446 1155 1507 suci·

137 1535 206 1597 dam
230 1543 260 1595 51
283 1534 374 1595 155511
397 1536 515 1613 inpone.
553 1533 596 1595 Ad
621 1533 779 1614 epiphoras
802 1533 956 1595 oculorum
980 1533 1093 1613 pultem
1116 1534 1156 1593 15-
1174 1544 1209 1595 51

96 1644 123 1684 ro
138 1624 255 1685 baciam
279 1625 342 1684 sine
367 1622 440 1705 sale,
469 1625 533 1684 sine
556 1622 617 1684 ullo
640 1632 745 1703 uncto,
768 1622 897 1702 tepidam
921 1622 1041 1683 linteolo
1064 1621 1156 1682 inline

139 1722 171 1774 et
200 1712 295 1773 oculis
323 1711 359 1773 de
387 1721 475 1773 nocte
502 1714 625 1793 inpone,
652 1714 693 1772 ita
721 1721 754 1772 ut
782 1729 842 1771 non
871 1710 987 1790 alliges,
1015 1712 1156 1771 continuo

138 1803 240 1863 fervor
262 1800 383 1862 recedit.
419 1800 458 1861 Ut
477 1804 597 1863 omnino
616 1819 676 1861 non
695 1800 810 1881 lippias,
829 1818 897 1861 cum
917 1798 1031 1860 stellam
1051 1799 1156 1860 cadere
1176 1809 1209 1860 55

139 1891 187 1952 551
206 1898 412 1951 transcurrere
431 1890 550 1972 videris,
568 1908 693 1951 numera
713 1898 742 1950 et
759 1889 897 1950 celeriter
911 1907 1043 1971 numera,
1062 1889 1157 1949 donec

141 1999 172 2041 se
195 1980 316 2061 condat3
340 1986 384 2040 tot
403 1982 482 2040 enim
510 1981 604 2060 annis,
628 1986 701 2058 quot
724 1980 936 2061 numeraveris,
959 1996 1018 2039 non
1043 1978 1157 2058 lippies.

96 2089 124 2128 so
139 2069 184 2130 to
207 2068 417 2149 lippitudinem
440 2070 519 2129 inter
542 2070 688 2147 principia
708 2067 866 2129 sedandam
890 2070 921 2130 15
944 2068 1076 2129 chartam
1100 2070 1157 2128 vir·
1176 2079 1210 2129 55

138 2161 239 2238 ginem
258 2156 355 2219 scribe
375 2159 533 2238 5511555551
552 2157 629 2239 licio,
649 2156 728 2237 quod
747 2159 779 2217 in
803 2156 860 2218 tela
881 2157 981 2237 fuerit,
1005 2156 1080 2217 collo
1104 2155 1157 2235 lip-

138 2249 249 2328 pientis
273 2248 401 2308 innecte.
445 2247 592 2326 Incipiens
616 2245 762 2326 lippitudo
785 2247 910 2307 mirifice
935 2253 965 2306 51
988 2247 1052 2306 5155
1076 2244 1160 2305 dubi-
1175 2255 1208 2306 55

138 2338 252 2397 1511555
288 2335 466 2415 depelletur,
499 2337 525 2396 si
551 2338 582 2397 in
611 2335 714 2396 charta
741 2337 855 2415 virgine
884 2334 997 2397 scribas
1026 2344 1055 2395 et
1083 2332 1158 2395 collo

140 2424 270 2487 dolentis
298 2425 365 2486 11515
393 2425 571 2504 suspendas:
603 2447 782 2504 φυρφαραν,
817 2432 847 2485 51
873 2425 930 2485 hoc
958 2422 1159 2504 praeligamen

97 2533 124 2574 55
139 2532 237 2594 purus
265 2523 364 2575 castus
393 2514 491 2575 iacias.
537 2512 600 2574 Huc
627 2515 715 2574 etiam
740 2512 903 2573 remedium
927 2513 1092 2573 indubitate
1115 2515 1158 2572 iu·
1178 2523 1212 2573 58

140 2612 230 2684 petus
245 2602 408 2684 oculorum,
424 2605 450 2663 si
463 2604 644 2683 praevenias,
660 2600 839 2681 prohibebit,
854 2602 998 2678 scriptum
1012 2604 1043 2660 in
1058 2600 1159 2661 charta

141 2694 270 2772 virgine:
294 2694 403 2773 ρονβρς
425 2714 583 2771 ρνοπειρας
605 2686 703 2771 ἠέλιος
725 2684 759 2763 ὃς
781 2683 864 2749 πάντ’
885 2687 980 2773 ἐφορᾷ
1002 2686 1053 2749 καὶ
1075 2683 1157 2749 πάντ’

140 2778 296 2859 ἐπακούει,
324 2780 402 2860 quod
431 2781 468 2842 ad
496 2780 605 2842 collum
634 2779 762 2841 dolentis
790 2777 858 2838 licio
888 2778 1030 2856 suspendi
1058 2776 1160 2858 debet,

141 2869 194 2931 sed
225 2879 255 2931 51
284 2879 419 2950 coeptam
448 2880 536 2950 atque
560 2872 754 2930 inveteratam
778 2867 985 2946 lippitudinem
1010 2865 1107 2948 sedat,
1134 2868 1162 2927 si

100 2978 126 3017 55
139 2962 173 3019 15
212 2957 346 3021 iaciendo
383 2977 417 3020 55
455 2957 644 3039 suscipiendo
677 2956 887 3037 praeligamine
919 2959 1091 3018 castimonia
1124 2955 1160 3017 ab

140 3056 271 3128 utroque
300 3056 444 3109 servetur.
490 3047 524 3108 ln
557 3047 671 3108 lamella
706 3064 794 3107 aurea
823 3064 879 3107 acu
906 3064 1015 3124 cuprea
1046 3044 1160 3106 scribes
1180 3056 1213 3106 59

141 3158 223 3217 55555
251 3138 373 3218 copodo
403 3145 433 3197 et
460 3135 544 3198 dabis
572 3135 618 3196 vel
647 3135 814 3214 suspendes
841 3153 876 3195 ex
904 3133 971 3195 licio
1004 3133 1080 3195 collo
1112 3152 1160 3214 ge·

143 3225 281 3288 standum
305 3225 504 3307 praeligamen
528 3227 556 3285 ei
580 3228 630 3304 qui
654 3225 768 3306 lippiet,
793 3224 871 3304 quod
895 3230 1033 3303 potenter
1057 3230 1087 3283 et
1110 3222 1161 3283 diu

142 3314 261 3397 valebit,
280 3317 306 3375 si
325 3314 479 3375 observata
498 3316 632 3375 castitate
653 3314 700 3375 die
716 3314 804 3374 lunae
822 3312 895 3374 illud
911 3313 1000 3373 155155
1015 3318 1045 3371 51
1059 3329 1161 3391 ponas.

216 3450 414 3505 tremedium.
487 3454 681 3521 dsuspensor.
750 3448 916 3505 vmulcam.
991 3455 1022 3501 11
1042 3446 1160 3501 limioss.

143 3528 179 3577 20
198 3521 376 3594 lipitudinem
469 3520 640 3591 515551555εά
658 3521 803 3592 virginem.
896 3525 931 3574 24
950 3518 1158 3589 praelegcmen.

145 3598 179 3647 25
200 3596 286 3649 casio.
359 3599 392 3648 tv
413 3592 511 3662 Odyss.
530 3591 577 3662 XI,
599 3597 657 3647 109.

1173 3773 1276 3903 „-
