2609 4017
511 210 727 275 ,63-

106 376 210 435 ciatim
238 380 406 451 repertum:
438 373 544 435 Cretae
573 373 688 434 Samiae
715 372 818 456 XXI,
845 376 906 454 opii
934 375 1022 457 XX,
1055 378 1125 437 stibi

107 463 133 524 X
157 462 222 544 XL,
246 464 372 524 cummis
396 461 422 522 X
445 461 508 543 XX,
532 462 611 523 aloes
635 462 661 523 X
684 462 719 546 X,
743 471 884 526 teruntur
906 464 979 525 haec
1003 475 1033 527 et
1055 484 1124 527 con-

107 553 252 613 ficiuntur
273 570 308 611 ex
328 569 403 631 aqna
422 550 550 631 pluviali.
586 551 758 633 Collyrium,
778 552 857 631 quod
877 552 980 614 hahuit
1000 553 1124 615 Cosmus
1145 565 1178 615 14

106 642 243 703 medicus
265 642 345 701 inter
369 658 484 722 arcana,
507 641 666 701 mbilicum
689 642 726 721 ad
750 643 848 702 omnia
867 641 1021 703 oculorum
1041 645 1123 705 vitia:

79 729 234 790 shcaciae
254 728 279 789 X
297 728 357 809 XL,
381 747 503 807 spumae
525 732 643 808 argenti
664 732 753 791 tritae
776 729 852 790 benc
872 739 903 791 ct
920 730 1005 813 lotae,
1028 732 1124 793 donec

106 817 318 878 candidissima
341 826 371 878 et
394 817 541 879 levissima
565 819 628 898 ilat,
654 817 681 877 X
704 818 769 898 XII,
796 818 911 898 plumbi
934 822 995 880 usti
1016 831 1048 881 et
1071 821 1124 882 loti

107 906 133 966 X
148 906 226 988 XVI,
248 905 328 967 stibii
343 905 369 966 X
382 904 432 987 XI,
452 914 552 967 cretae
572 906 687 968 Samiae
702 906 727 967 X
742 905 809 989 XII,
828 925 967 976 cerussae
983 908 1007 969 X
1022 909 1124 991 XVIII,

107 1014 256 1057 cornuum
284 998 473 1056 cervinorum
500 1004 637 1057 ustorum
667 1004 697 1057 et
721 996 849 1057 lotorum
872 998 952 1075 quod
974 1001 1033 1059 erit
1056 1016 1123 1058 can·

106 1085 296 1146 didissimum
314 1083 340 1144 X
358 1083 436 1166 VIII,
455 1102 594 1163 squamae
615 1087 693 1145 acris
707 1084 814 1164 XIIII,
834 1087 894 1165 opii
913 1085 1020 1167 XIIII,
1039 1105 1123 1147 aeru-

66 1176 187 1253 anginis
210 1192 294 1235 rasae
313 1173 339 1234 X
357 1172 422 1255 VII,
445 1173 625 1235 cardamomi
648 1176 790 1236 Interiora
813 1173 838 1234 X
863 1175 903 1256 II,
926 1175 1032 1255 lapidis
1056 1176 1123 1235 hac-

106 1264 220 1324 matitis
238 1263 264 1323 X
283 1261 349 1344 IIII,
372 1262 477 1341 lapidis
495 1264 559 1323 fissi
577 1262 602 1323 X
620 1262 688 1345 IIII,
706 1266 864 1324 tamaricae
883 1266 1006 1325 semInis
1020 1263 1046 1324 X
1061 1263 1123 1343 IIII,

106 1355 189 1413 croci
209 1350 315 1433 XIIII,
335 1353 411 1413 turis
430 1350 538 1433 XIIII,
557 1369 677 1413 murrae
697 1351 804 1433 XIIII,
823 1352 1005 1432 opobalsami
1019 1352 1044 1413 X
1059 1352 1123 1432 IIlI,

105 1441 176 1521 lycii
200 1439 316 1523 XIIII,
344 1440 424 1501 alces
448 1439 562 1522 XIIII,
586 1443 662 1502 costi
681 1440 707 1500 X
728 1441 796 1522 IIII,
820 1444 932 1521 piperis
956 1442 1015 1503 albi
1039 1441 1123 1523 XII,

105 1532 223 1591 cicutae
255 1532 320 1591 suci
347 1530 422 1590 aridi
448 1529 473 1590 X
502 1528 580 1608 VIII,
613 1532 789 1591 ammoniaci
816 1539 966 1608 guttarum
995 1529 1020 1590 X
1048 1529 1122 1610 VIII,

66 1638 91 1679 aa
105 1617 234 1679 bidellae
252 1618 278 1679 X
297 1617 374 1698 VIII,
398 1618 547 1680 salluncac
571 1626 713 1698 purgatae
733 1618 758 1679 X
776 1617 827 1700 VI,
845 1622 972 1680 cummis
990 1618 1016 1679 X
1036 1617 1122 1678 XXV.

105 1706 261 1769 'feruntur
287 1707 361 1768 haec
389 1710 486 1768 omnia
515 1706 673 1787 dilIgenter
700 1726 738 1767 ex
764 1710 833 1767 vinc
856 1707 929 1768 chio
957 1726 1018 1767 non
1046 1706 1123 1767 salso

105 1803 227 1857 austero
257 1795 302 1857 vel
329 1814 366 1856 ex
394 1798 461 1856 viuo
484 1795 609 1857 Falerno
633 1815 668 1857 ac
690 1796 798 1857 deinde
822 1795 979 1857 confestim
1003 1794 1123 1875 collyria

104 1886 262 1963 linguntur
285 1892 315 1946 ct
337 1887 368 1945 in
391 1884 497 1946 umbra
516 1888 675 1961 siccantur,
699 1885 777 1963 qnod
797 1893 827 1946 et
846 1884 882 1945 de
901 1884 965 1945 aliis
984 1884 1123 1946 omnibns

104 1971 239 2053 collyriis
264 1973 416 2035 observari
438 1981 564 2054 oportet.
612 1973 772 2053 Collyrium
796 1974 976 2036 acharistum
1000 1974 1174 2035 theodo-15
1302 1963 1303 1976 ¹

64 2080 90 2120 ao
104 2064 181 2123 tium
205 2062 242 2123 ab
260 2064 407 2142 Antigono
430 2064 583 2125 inventum
602 2062 638 2124 ad
657 2081 775 2124 omnem
795 2062 967 2144 epiphoram
985 2071 1017 2124 et
1035 2081 1122 2123 omne

104 2152 213 2212 vidum
237 2152 401 2233 oculorum,
424 2154 531 2232 accipit
554 2152 640 2213 haec:
664 2152 787 2212 Acaciae
807 2151 831 2212 X
851 2151 913 2233 XX,
936 2151 1022 2213 stibis
1041 2150 1122 2233 XX,

104 2242 188 2301 croci
216 2240 278 2301 XI
302 2240 336 2323 S,
363 2240 442 2301 aloes
470 2240 558 2321 XII,
586 2258 705 2301 murrae
730 2239 817 2323 XII,
844 2240 976 2301 cadmIae
1000 2240 1026 2301 X
1049 2239 1122 2321 VIII,

105 2332 236 2390 castorei
259 2331 405 2392 victoriati
428 2330 501 2391 duas
525 2332 628 2391 tertias
652 2338 761 2411 partes,
785 2331 846 2410 opii
864 2328 890 2388 X
908 2329 930 2410 I,
953 2328 1021 2409 lycii
1042 2327 1122 2409 XII,

104 2420 185 2479 aeris
214 2421 275 2479 usti
303 2417 328 2478 X
352 2417 431 2500 VIII,
460 2436 598 2481 cerussae
627 2417 742 2497 XIIII,
771 2418 856 2480 nardi
885 2420 983 2497 spicae
1007 2416 1033 2477 X
1055 2418 1068 2478 I
1092 2424 1123 2477 ct

64 2509 213 2568 solertias
237 2510 314 2585 eius,
337 2509 465 2569 cummis
488 2507 513 2568 X
533 2504 599 2588 XX,
626 2507 792 2585 palmarum
815 2525 882 2567 ossa
910 2510 972 2567 sive
1000 2506 1122 2566 nucleos

104 2604 192 2656 ustos
215 2594 240 2655 X
263 2595 358 2677 XXX,
385 2600 455 2658 trita
478 2596 550 2657 haec
573 2615 609 2657 ex
632 2614 708 2675 aqna
732 2595 890 2673 pluviatica
913 2594 1121 2655 coniiciuntur,

105 2682 311 2746 hlonemerum
334 2684 488 2765 collyrium
512 2685 631 2766 dicitur,
653 2683 734 2763 quod
753 2683 870 2744 dolores
889 2684 920 2743 in
941 2684 1045 2761 inpetu
1065 2690 1121 2742 sta·
1143 2691 1175 2742 16

104 2774 161 2834 tim
185 2773 271 2856 tollit,
295 2774 452 2835 conficitur
476 2775 534 2835 sic:
564 2773 693 2852 Lepidae
715 2804 752 2816 -
774 2772 796 2853 Ι,
819 2773 896 2832 aeris
921 2772 981 2831 usti
1004 2789 1121 2832 semun-

105 2864 192 2944 ciam,
216 2861 382 2924 haematitis
401 2896 445 2905 -
463 2861 490 2943 I,
513 2880 629 2941 myrrae
644 2895 689 2905 -
702 2860 728 2941 I,
752 2862 814 2941 opii
831 2861 1022 2942 semunciam,
1041 2878 1121 2921 cum-

64 2968 91 3009 ac
105 2953 164 3012 mis
192 2953 387 3013 semunciam:
418 2969 511 3011 unum
537 2950 594 3012 hoc
621 2950 778 3030 collyrium
800 2950 977 3011 mIrabiliter
999 2950 1122 3029 prodest

106 3038 163 3121 his,
190 3043 244 3120 qui
266 3042 421 3101 cicatrices
445 3058 504 3101 non
529 3038 690 3120 habebunt,
713 3058 749 3099 ex
777 3058 832 3100 ovo
856 3040 987 3100 infusum
1012 3048 1042 3101 et
1064 3039 1121 3099 levi
1298 3007 1300 3106 l

106 3129 265 3191 admodum
289 3131 448 3208 agitatione
471 3131 642 3190 contritum.
687 3128 732 3188 lld
755 3128 934 3189 suffusiones
957 3127 1174 3208 oculorum,1t
1299 3129 1301 3142 ²

107 3236 181 3296 quas
196 3217 302 3279 Graeci
321 3217 532 3299 hypochymata
549 3217 665 3279 dicunt:
684 3215 818 3278 Feniculi
833 3220 897 3279 suci
912 3217 1016 3296 Ianidi
1034 3214 1122 3295 XIII,

106 3305 290 3385 opobalsami
319 3305 344 3366 X
368 3306 421 3389 III,
450 3305 546 3367 mellis
569 3307 661 3367 Attici
684 3305 710 3366 X
734 3305 785 3387 III,
814 3306 871 3366 olei
898 3306 1001 3367 viridis
1024 3302 1050 3363 X
1073 3303 1122 3383 Ill,

180 3448 215 3497 10
234 3442 359 3497 amabilis
365 3483 374 3510 ,
392 3444 457 3497 item
475 3447 517 3498 29.
601 3446 634 3495 13
653 3440 721 3496 lleii.
793 3440 911 3510 peperis.
986 3446 1019 3494 14
1038 3439 1121 3511 aridi]

106 3515 136 3568 et
153 3514 223 3567 erni.
292 3513 460 3569 hamonisci.
526 3518 558 3567 te
577 3512 691 3581 oportit.
759 3511 944 3568 theudoiinm.
1014 3517 1048 3566 23
1067 3514 1122 3566 ter·

107 3583 198 3640 tlasve
217 3583 298 3655 lycio.
373 3590 406 3640 33
424 3584 652 3655 hyposohemata.
