2609 4017
516 184 735 261 ..47-

114 348 224 407 simum
244 344 362 407 redacta
381 348 530 425 permisce
549 356 638 427 atque
657 350 689 407 iu
707 346 813 408 balneo
834 348 962 409 ferventi
979 350 1019 409 ita
1037 358 1132 428 utere,

114 443 148 496 ut
171 435 291 495 tertiam
313 443 427 513 partem
451 436 582 515 pulveris
601 436 638 497 de
658 454 748 515 supra
772 439 883 516 scripta
902 455 1041 498 mensura
1064 456 1130 517 spe-

115 525 230 584 cierum
254 524 355 584 mittas
378 526 409 585 in
433 531 576 602 caputet
599 525 745 603 perfrices
767 525 819 586 diu
843 543 878 586 ac
901 524 1072 607 diligenter,
1097 536 1131 588 ut

112 630 169 691 per
198 612 338 673 sudorem
366 612 498 694 digeras3
529 621 632 692 postea
660 632 737 693 aqua
763 613 966 693 tepidalares
989 625 1133 694 caputet

85 702 146 762 ain
175 700 312 777 frigidam
340 719 456 781 mergas
484 708 514 762 et
542 720 644 763 crasso
672 702 782 763 sabano
809 702 969 782 diiigenter
996 701 1131 765 siccabis.

112 788 158 849 td
182 797 316 851 reumata
339 793 457 870 capitis:
493 790 613 871 'lalpam
643 793 675 851 in
702 810 772 852 raso
799 792 884 853 fictili
911 792 1012 854 clauso
1035 796 1076 855 ita
1098 796 1166 855 int

112 878 204 939 furno
227 886 352 959 torreto,
374 887 408 941 ut
430 882 640 942 tenuissimum
665 880 819 959 pulverem
842 899 878 941 ex
902 899 937 941 ea
958 882 1057 962 lacias,
1080 884 1131 943 cui

113 966 207 1027 addes
235 967 389 1047 pulverem
417 972 529 1049 piperis
556 969 615 1031 albi
642 988 679 1031 ex
705 972 806 1049 granis
829 969 933 1031 decem
956 981 987 1031 et
1009 980 1077 1031 octo
1100 980 1131 1032 et

112 1055 251 1119 cocleare
274 1076 367 1119 unum
390 1057 429 1119 de
452 1077 525 1120 suco
548 1061 645 1119 ocimi.
682 1058 725 1119 lle
745 1077 805 1138 quo
822 1058 1017 1120 medicamine
1037 1058 1130 1139 dabis,

70 1163 97 1203 ro
112 1148 165 1207 cui
187 1145 366 1207 medendum
390 1149 456 1229 erit,
479 1150 510 1209 in
532 1149 653 1226 potione
674 1150 735 1207 vini
755 1150 864 1208 vetaris
883 1147 978 1209 calida
995 1147 1129 1209 cocleare

111 1251 217 1316 unum,
240 1236 280 1295 ita
305 1238 391 1297 utin
414 1234 529 1310 balneo,
552 1238 583 1297 in
606 1254 667 1314 qno
688 1254 850 1315 numquam
870 1236 940 1297 lavit
960 1254 1017 1297 nec
1034 1236 1130 1297 lauttr-

111 1341 167 1384 rus
197 1326 250 1403 sit,
276 1325 308 1383 in
336 1324 410 1385 solio
437 1324 603 1385 remedium
630 1327 757 1403 accipiat
783 1335 814 1386 et
838 1326 1015 1405 interposito
1038 1324 1130 1386 hiduo

112 1411 238 1473 alternis
261 1414 370 1473 iterum
394 1414 527 1491 accipiat
571 1412 628 1473 Sed
653 1415 704 1475 cui
725 1414 858 1474 remedio
881 1431 958 1492 opus
980 1423 1039 1494 est,
1063 1412 1131 1473 xlx

112 1502 209 1561 lerme
240 1500 346 1561 diebus
372 1504 509 1581 porcina,
541 1501 702 1581 liquamine
734 1510 765 1563 et
792 1501 944 1563 holeribus
974 1501 1130 1563 abstineat.

68 1604 97 1646 ιι
112 1589 157 1650 hd
181 1589 261 1650 idem
284 1590 466 1652 trochiscus:
491 1591 578 1652 Croci
601 1590 758 1651 drachmas
780 1589 867 1671 duas,
890 1608 1007 1669 myrrae
1033 1622 1074 1633 -
1095 1589 1165 1672 ll,s

113 1677 282 1739 chalcanthi
303 1678 393 1759 -ll,
416 1682 580 1759 cymini-
596 1678 631 1754 ll,
650 1682 701 1758 opi
725 1678 882 1739 drachmas
900 1677 936 1758 ll,
955 1680 1033 1738 turis
1054 1710 1093 1721 -
1109 1678 1131 1757 l,

114 1769 361 1845 crocomagmatis
389 1767 545 1829 drachmas
570 1767 610 1849 ll,
643 1768 782 1828 aluminis
812 1768 900 1827 scissi
922 1798 965 1809 -
984 1765 1005 1826 1.
1050 1765 1131 1827 llaec

114 1858 213 1937 omnia
242 1857 369 1917 contrita
397 1858 600 1918 austerissimo
624 1860 693 1918 vino
716 1854 925 1935 permiscebis,
955 1863 989 1916 ut
1011 1856 1072 1915 sint
1094 1855 1130 1916 ad

115 1944 346 2006 crassitudinem
365 1945 469 2026 mellis,
489 1954 519 2007 et
537 1946 606 2007 inde
625 1947 754 2007 frontem
773 1945 950 2006 densissime
964 1944 1131 2024 superlines

71 2049 100 2089 so
115 2051 213 2112 usque
235 2032 272 2093 ad
295 2033 431 2115 capillos,
457 2036 627 2095 intermissa
649 2036 756 2095 semita
780 2042 874 2113 super‘
895 2052 1014 2115 nasum3
1045 2052 1129 2113 prae-

113 2121 198 2183 cluso
227 2124 305 2183 euim
334 2123 455 2203 itinere,
486 2122 565 2202 quod
599 2124 635 2185 ad
668 2122 771 2183 oculos
803 2125 902 2184 umori
931 2130 1034 2201 patere
1062 2141 1131 2183 oon·

113 2217 265 2291 sueverat,
294 2212 369 2272 viam
397 2212 502 2294 iacies,
531 2230 588 2291 qua
616 2211 652 2272 de
681 2211 806 2273 cerebro
833 2230 888 2291 per
915 2229 1004 2271 nares
1032 2210 1131 2271 fluxus

112 2300 212 2359 omnis
231 2306 355 2381 emanat,
379 2309 408 2361 et
431 2300 501 2361 hine
525 2309 690 2379 perpetuus
713 2300 858 2363 decursus
882 2300 942 2381 het,
966 2318 1025 2378 quo
1050 2318 1130 2361 umo-

113 2406 164 2449 res
193 2386 347 2449 oculorum
375 2388 412 2449 ab
439 2391 520 2450 omni
543 2390 736 2451 inundatione
760 2392 919 2451 siccentur.
961 2388 1024 2449 llac
1046 2406 1131 2449 cura·

70 2478 251 2538 rationein
274 2486 452 2556 perpetuum
476 2478 621 2558 lippitudo
645 2477 856 2539 removebitur.
898 2477 957 2537 Sed
976 2476 1032 2555 his,
1055 2494 1130 2554 quos

113 2567 240 2627 nimium
263 2583 365 2627 reuma
394 2569 507 2627 umoris
535 2567 667 2649 urgebit,
696 2585 731 2626 ex
760 2574 844 2627 aceto
871 2567 935 2625 acri
962 2564 1131 2625 trochiscus

114 2672 206 2734 supra
234 2656 364 2734 scriptus
391 2657 560 2734 inponatur.
601 2656 647 2715 hd
670 2653 885 2715 destillationes
909 2652 1165 2731 perfrictiones-4

115 2761 174 2823 que
198 2751 229 2803 et
252 2744 439 2822 gravedines:
482 2744 660 2823 cyclaminis
682 2742 802 2822 herbae,
825 2759 901 2820 quae
924 2740 1028 2801 Latine
1052 2738 1130 2801 orbi-

115 2831 227 2893 cularis
259 2831 384 2913 dicitur,
418 2834 548 2893 radicem
582 2849 672 2911 supra
705 2830 851 2891 carbones
883 2828 1002 2891 cultello
1034 2830 1131 2890 redito

72 2936 99 2977 ao
114 2922 291 2999 fumumque
310 2922 375 2982 eius
393 2924 521 2982 ramenti
538 2921 662 2983 naribus
680 2919 800 2983 trahite.
832 2918 1007 2999 Hyoscyami
1026 2918 1129 2980 drach·
1149 2933 1166 2980 a

114 3026 179 3071 mas
207 3008 293 3089 duas,
321 3012 380 3089 apii
408 3013 529 3071 seminis
556 3010 632 3071 hene
659 3011 776 3089 purgati
800 3008 957 3069 drachmas
980 3016 1130 3087 quattuor,

115 3096 217 3161 anethi
243 3098 320 3160 benc
347 3101 466 3179 purgati
493 3098 664 3159 drachmam
687 3117 791 3177 unam,
815 3100 876 3177 opii
898 3097 1015 3177 pondus
1038 3099 1130 3157 vieto-

114 3189 184 3247 riati
211 3188 344 3266 argentei
372 3190 475 3268 unius,
507 3187 580 3249 haec
612 3189 710 3247 omnia
745 3188 816 3248 trita
847 3194 879 3246 et
906 3184 1035 3246 cribrata
1064 3203 1130 3263 per·

115 3276 240 3336 misceto
269 3284 299 3337 ct
322 3294 358 3337 ex
381 3294 458 3355 aqua
481 3275 614 3355 pastillos
637 3283 803 3354 temperato
827 3284 916 3353 atque
940 3292 976 3334 cx
1000 3273 1048 3333 his
1070 3275 1130 3333 sin-

76 3378 103 3419 es
117 3363 203 3443 gulos
226 3365 257 3425 in
276 3382 369 3443 aquae
388 3364 501 3425 calidae
519 3364 631 3444 cyathis
650 3363 778 3445 duobus,
801 3382 870 3425 eum
889 3363 1048 3424 dormitum
1068 3360 1131 3443 ibit,

116 3455 166 3513 cui
190 3451 368 3513 medendum
391 3455 462 3533 erit,
492 3456 576 3531 potui
599 3454 676 3514 dato.
717 3452 860 3513 Eiusdem
883 3450 992 3512 herbae
1016 3450 1132 3510 radices

117 3542 144 3601 si
171 3541 377 3619 decoquantur
407 3559 558 3622 sucusque
586 3559 690 3603 earum
717 3540 752 3601 ad
781 3539 1010 3601 crassitudinem
1036 3537 1132 3599 mellis
