2609 4017
496 189 715 253 „25-

90 355 122 413 in
152 369 192 413 eo
222 354 291 412 vitia
315 354 443 433 diversa,
472 362 523 414 aut
545 372 584 413 ne
607 355 717 414 iterum
740 371 795 432 per
817 352 946 433 aliquam
970 371 1111 414 venarum

91 449 235 519 erumpat
258 442 294 502 ad
315 460 403 503 aures
422 442 569 522 faciatque
587 441 738 503 bominem
758 442 891 523 surdum,
914 449 1009 502 totum
1029 445 1111 523 oppi-

90 529 157 591 lans
183 530 328 610 auditum,
352 539 403 592 aut
425 549 541 592 vermes
564 533 594 591 in
619 530 742 591 auribus
765 540 897 611 generet,
920 531 1111 591 volneribus

90 618 222 699 polypos
246 621 366 702 nutriat,
391 627 442 681 aut
471 620 566 680 oculis
589 620 732 700 aegilopia
756 622 873 701 excitet,
898 629 949 681 ant
971 619 1111 680 dentibus

63 710 131 769 ssit
156 708 305 769 molestus
328 717 358 769 et
380 710 469 769 faciat
487 709 637 770 hominem
661 711 723 769 oris
748 708 832 769 fetidi
855 717 944 788 atque
967 711 1111 789 corrupti,

90 796 149 873 vel,
175 797 258 877 quod
281 800 406 858 maxime
431 798 594 859 cavendum
619 806 673 877 est,
696 816 735 858 ne
757 816 812 876 per
835 816 909 858 uvae
935 797 1111 859 destillantis

91 893 145 947 aut
170 885 360 947 exulceratae
383 888 488 948 vitium
510 889 574 965 ipsa
598 888 712 947 musica
735 885 864 947 hominis
888 895 1029 966 corrupta
1049 886 1110 947 lan·

91 984 220 1053 guescat
248 974 440 1056 pulmonique
468 983 498 1036 et
526 975 678 1036 stomacho
706 974 821 1055 plagam
844 975 965 1057 inierat,
993 974 1111 1036 lumbos

91 1082 218 1143 quoque
249 1082 397 1144 renesque
426 1063 567 1125 dissolvat
600 1072 630 1125 et
657 1066 781 1145 incipiat
808 1083 897 1125 umor
923 1066 1029 1125 noxius
1056 1082 1112 1143 per

52 1167 76 1208 ro
89 1154 220 1231 inguina
248 1161 278 1213 et
306 1171 394 1213 coxas
418 1161 449 1214 et
472 1171 559 1214 crura
584 1154 748 1214 decurrens
771 1153 869 1213 lacero
892 1154 1112 1213 contractiones

90 1240 226 1303 talorum
254 1249 342 1321 atque
370 1260 532 1303 nervorum
558 1241 759 1322 paulatimque
787 1242 902 1303 auferat
924 1258 1045 1319 gressus
1068 1251 1111 1302 to-

90 1337 188 1413 toque
222 1348 333 1409 organo
365 1331 536 1392 tabescente
573 1331 733 1391 videamini
762 1332 862 1409 potins
890 1332 1111 1409 consumpsisse

91 1418 248 1481 bominem
272 1438 360 1499 quam
384 1438 514 1501 curasse,
538 1438 605 1481 cnm
627 1437 696 1479 vere
715 1418 843 1480 violenta
862 1426 957 1480 morte
977 1419 1115 1480 videatur

92 1508 129 1569 de
159 1508 219 1569 hac
246 1508 313 1570 luce
340 1510 478 1588 migrare.
523 1508 598 1570 Nam
626 1510 652 1569 si
676 1527 816 1588 ceparum
839 1507 975 1569 acritudo
999 1507 1109 1587 aliquo·
1131 1522 1164 1571 10

55 1610 79 1651 rs
93 1598 175 1659 tiens
196 1597 283 1658 nobis
302 1616 363 1658 non
377 1598 623 1659 manducantibus
640 1599 752 1658 nostris
766 1605 864 1657 tamen
879 1596 974 1659 oculis
989 1595 1112 1657 molesta

93 1694 155 1768 est,
184 1695 238 1747 aut
264 1689 380 1769 senapi,
407 1686 459 1747 nbi
486 1694 516 1747 et
544 1686 603 1747 mel
629 1688 771 1767 mittitur,
798 1685 887 1745 leniri
909 1686 1029 1763 penitus
1052 1702 1112 1744 non

93 1783 210 1856 potest,
238 1776 291 1835 sed
317 1775 415 1836 calore
439 1778 504 1836 eius
527 1782 707 1836 commotum
731 1773 891 1835 cerebrum
913 1776 954 1833 ita
977 1772 1111 1853 desudat,

93 1870 128 1924 ut
152 1863 258 1926 oculos
282 1871 312 1924 et
334 1882 422 1925 nares
445 1883 514 1925 acer
537 1882 624 1925 umor
648 1863 782 1943 infestet,
810 1861 882 1941 quid
906 1870 1045 1942 putamus
1067 1862 1112 1922 illi

94 1955 261 2033 patiuntur,
286 1952 394 2032 quibus
417 1955 498 2014 circa
520 1951 623 2013 oculos
647 1970 720 2014 cura
743 1970 849 2013 rursus
872 1959 923 2012 ant
945 1953 1008 2031 igni
1030 1951 1111 2011 adhi-

56 2053 81 2095 20
94 2039 186 2103 betur
211 2049 262 2102 aut
284 2038 389 2103 ferro?
432 2041 543 2122 Quare,
566 2044 741 2123 imperator,
763 2041 853 2101 fidem
876 2043 988 2101 nostris
1011 2048 1111 2101 aucto·

95 2130 181 2193 ribus
211 2129 386 2192 adhibentes
417 2149 477 2191 non
505 2130 663 2192 credamus
691 2130 931 2210 quibuscumque
954 2129 1111 2189 medicinis

95 2237 151 2280 neo
171 2219 290 2281 vulneri
308 2219 416 2281 vulnus
435 2220 697 2298 superponendum
715 2228 863 2301 putemus,
883 2218 936 2279 sed
954 2220 995 2278 ita
1014 2219 1111 2295 aegris

94 2308 263 2370 remedium
286 2309 501 2388 porrigendum
523 2326 589 2369 esse
613 2308 778 2387 credamus,
802 2316 836 2368 ut
855 2325 953 2386 neque
972 2305 1110 2385 gravibus

96 2400 255 2459 tormentis
283 2415 380 2476 neque
409 2396 589 2458 intolerabili
611 2397 776 2457 medicinae
800 2397 954 2457 curatione
976 2396 1110 2456 crucien-

59 2496 82 2538 ἢ
95 2486 154 2549 tur.
204 2486 292 2547 Plura
321 2504 392 2565 ergo
420 2486 456 2547 de
485 2485 691 2547 observatione
719 2485 883 2546 medicinae
911 2486 1015 2563 pietati
1043 2492 1111 2544 tuae

96 2592 130 2636 ac
150 2577 280 2654 posteris
303 2577 363 2635 tuis
383 2575 470 2654 digna
488 2577 632 2635 memoria
650 2574 768 2653 tradidi,
787 2591 862 2653 qnae
881 2573 1017 2632 homines
1031 2572 1112 2631 docti

96 2661 133 2723 de
153 2666 286 2743 expertis
305 2664 444 2725 remediis
463 2663 668 2743 prodiderunt,
688 2680 763 2740 quae
781 2670 832 2722 tna
852 2660 950 2720 divina
967 2662 1112 2720 serenitas

97 2770 150 2813 oro
175 2754 320 2832 suscipiat
343 2753 432 2813 etad
456 2753 628 2813 memoriam
652 2751 762 2812 ceteris
785 2748 943 2828 relinquat.

170 2931 186 2979 6
205 2922 376 2979 destillantis
396 2928 446 2978 Im
464 2922 628 2979 distillantis
646 2926 704 2979 2m.
789 2926 804 2975 7
822 2920 915 2991 ipsam
933 2920 1066 2976 nissioom
1083 2921 1112 2975 h.

96 2998 268 3123 ppprppnotem.
346 3001 378 3049 16
397 2993 532 3065 mittitur]
551 2993 685 3049 miscetur
704 2992 863 3049 Omuarius.
943 2998 975 3047 19
994 2990 1112 3048 adhibe·
1172 3051 1179 3057 κ
