2609 4017
472 187 715 251 -301—

175 346 306 407 Raiauus
328 348 360 407 iu
382 354 486 426 partes
506 346 613 409 multas
636 355 754 408 secatur
772 356 802 408 et
820 345 881 407 sale
899 349 1099 408 minutissimo
1118 361 1152 410 aa

75 437 272 515 inspergitur
295 453 423 514 cumque
447 435 499 496 diu
517 438 557 497 ita
575 437 782 515 permanserit,
805 454 932 497 excusso
951 434 1012 496 sale
1031 454 1099 497 cum

75 522 216 603 oxymeli
242 523 439 584 manducatur
466 533 496 585 et
523 542 613 603 supra
640 542 717 603 aqua
745 526 857 583 marina
883 530 1017 605 potatur,
1043 524 1099 585 bae

74 630 134 672 res
154 614 268 673 vomitu
287 614 377 673 citato
396 611 581 673 stomachum
600 611 796 672 saluberrime
813 619 951 691 purgant.
984 611 1100 692 Cymini
1119 625 1152 675 to

45 715 59 756 a
75 700 255 778 Aethiopici
273 703 464 780 semunciam,
482 698 565 761 floris
584 702 658 761 uitri
675 702 858 761 semunciam
874 719 911 761 ex
924 702 992 760 nuo
1006 702 1100 762 mixto

76 787 172 849 dabis
194 788 312 869 bibere,
337 797 551 867 praesentaneo
574 788 707 849 remedio
731 787 890 849 subvenies
912 791 1026 851 ventris
1049 790 1100 851 do·

75 876 143 937 lori
172 876 219 936 rel
247 877 340 938 strolo
367 876 522 938 laboranti.
562 876 685 937 Filicem
713 878 745 937 iu
771 876 902 956 qualibet
925 876 1031 939 arbore
1054 881 1100 939 iu·
1118 891 1152 941 71

76 972 186 1025 natam
210 965 300 1025 avelle
323 967 376 1045 ita,
404 984 442 1025 ue
465 973 576 1026 terram
598 971 712 1044 tangat,
740 972 770 1025 et
793 964 905 1025 dolenti
926 967 1006 1026 iuter
1029 985 1099 1027 ven-

78 1061 163 1113 trem
187 1060 217 1112 et
240 1052 367 1114 iasceam
389 1072 477 1133 poue,
498 1054 567 1114 ilico
591 1056 704 1113 ventris
726 1053 829 1113 dolore
851 1051 1040 1116 relevabitur.

34 1158 63 1196 ιο
177 1139 221 1201 lld
248 1160 351 1202 rosum
378 1144 491 1203 ventris
513 1150 707 1222 praecautum
736 1141 948 1212 utillissimum.
993 1142 1099 1203 Manus
1118 1155 1151 1203 ‘12

79 1230 226 1289 sinistrae
254 1229 389 1309 pollicem
418 1248 508 1309 supra
538 1237 670 1289 ventrem
694 1247 812 1307 premes
838 1236 868 1290 et
891 1229 987 1291 dices:
1015 1230 1100 1290 adam

79 1317 194 1378 bedam
221 1317 296 1379 alam
319 1317 407 1379 betur
430 1318 504 1379 alam
527 1318 639 1379 butum.
676 1317 740 1378 lloc
762 1336 832 1379 cum
855 1320 957 1378 novies
980 1318 1100 1399 dixeris,

80 1414 199 1466 terram
227 1407 330 1467 eodem
357 1405 464 1485 pollice
493 1414 596 1484 tanges
624 1413 655 1467 et
681 1424 772 1484 spues
794 1424 975 1485 rursumque
998 1410 1100 1468 novies

82 1502 116 1555 et
145 1496 256 1555 iterum
278 1497 400 1555 tertium
424 1496 525 1555 novies
549 1494 631 1555 dices
657 1506 687 1555 et
708 1513 762 1573 per
785 1512 915 1554 novenas
937 1497 1017 1555 vices
1040 1506 1100 1556 ter·

38 1598 66 1638 15
82 1601 151 1643 ram
170 1584 324 1661 continges
343 1591 374 1644 et
392 1601 514 1661 expues.
546 1582 609 1643 Hoc
628 1600 699 1642 vero
713 1589 905 1661 praecantum
920 1590 951 1642 et
963 1583 1100 1643 homines
1119 1595 1152 1644 ‘13

82 1672 181 1731 stralo
201 1669 247 1731 vel
265 1689 337 1731 rosu
355 1670 524 1732 laborantes
543 1679 574 1731 et
592 1673 724 1731 iumenta
742 1667 894 1749 relevabit,
917 1672 944 1730 si
964 1670 1100 1731 adhibea-

83 1767 137 1820 tur
166 1761 218 1819 sic.
259 1759 363 1819 Manus
390 1760 492 1838 planas
520 1777 611 1837 super
638 1776 727 1818 renes
754 1759 848 1835 pones
876 1765 906 1817 et
933 1758 1015 1819 dicas
1040 1766 1100 1819 ter:

83 1846 229 1907 alabanda
247 1846 381 1908 alabaudi
399 1847 521 1908 alambo.
559 1846 633 1908 Cum
652 1849 693 1907 ita
711 1846 831 1926 dixeris,
855 1847 977 1924 supinas
994 1864 1100 1907 manus

84 1935 143 1995 sub
157 1943 261 1996 ventre
278 1938 343 1997 eius
356 1954 450 2015 pones
466 1944 496 1997 et
509 1938 619 1997 iterum
632 1934 712 1995 idem
728 1934 809 1994 dices
824 1932 870 1994 vel
882 1936 968 2013 prius
982 1952 1101 1995 aversas

40 2041 193 2085 romanus
216 2023 272 2084 sub
291 2032 394 2085 ventre
416 2027 480 2085 eius
498 2042 591 2103 pones
611 2030 641 2083 et
660 2040 728 2083 cum
747 2030 794 2083 ter
813 2022 934 2102 dixeris,
956 2022 992 2082 ad
1012 2041 1100 2085 renes

84 2111 191 2190 planas
214 2130 319 2173 manus
341 2130 435 2191 pones
463 2119 562 2173 atter
585 2118 775 2189 praecantato
801 2111 866 2171 loco
894 2130 1016 2173 rursum
1043 2111 1100 2172 sub

86 2207 192 2261 ventre
217 2218 321 2261 manus
344 2201 477 2279 perferes
501 2208 531 2260 ct
552 2199 631 2260 idem
655 2202 744 2260 tertio
768 2199 858 2261 dices.

177 2287 252 2349 ltem
274 2288 310 2349 ad
331 2306 418 2349 rosus
438 2297 499 2350 tam
517 2288 670 2348 homiuum
690 2306 778 2367 quam
796 2291 997 2349 iumentorum
1015 2305 1100 2366 prae·
1119 2300 1153 2351 ‘14

86 2379 218 2438 cantatio
237 2378 288 2437 sic.
318 2376 427 2438 Pollice
447 2378 568 2437 sinistro
587 2384 617 2437 et
636 2375 753 2436 duobus
771 2373 902 2436 urinimis
916 2374 1017 2453 digitis
1031 2393 1100 2436 veu-

44 2474 71 2515 25
86 2473 167 2525 trem
191 2465 359 2525 confricans
382 2465 476 2526 dices:
500 2464 603 2525 Stabat
625 2462 715 2523 arbor
737 2466 769 2522 iu
792 2462 889 2522 medio
909 2480 990 2521 mare
1011 2470 1042 2521 et
1059 2461 1101 2522 ibi

85 2552 237 2632 pendebat
264 2553 352 2613 situla
374 2552 461 2631 plena
483 2554 695 2613 intestinorum
716 2550 927 2628 bumanorum,
954 2557 1017 2609 tres
1043 2551 1101 2608 vir·

85 2644 173 2719 gines
201 2640 409 2723 circumibant,
437 2641 512 2701 duae
536 2637 706 2719 alligabant,
733 2656 791 2698 una
818 2636 994 2697 revolvebat.
1029 2636 1101 2697 ‚lloc

85 2738 136 2789 ter
164 2729 246 2789 dices
274 2736 304 2789 et
331 2737 378 2789 ter
409 2732 475 2807 pari
507 2727 595 2788 modo
626 2736 708 2788 terra
740 2732 875 2786 contacta
902 2742 1022 2803 expues.
1069 2723 1101 2784 Si

86 2819 221 2878 iumenta
245 2818 432 2899 carminabis,
453 2819 664 2878 intestinorum
686 2814 867 2875 molinorum
890 2810 937 2872 rel
955 2830 1101 2891 equorum

46 2915 74 2953 ³⁰
88 2904 137 2965 vel
161 2908 311 2966 asinorum
334 2906 423 2966 dices.
752 2902 755 2907 ’
1136 2915 1141 2919 ’

179 3057 334 3113 4vomito.
441 3057 549 3111 scitoto.
657 3051 811 3109 stomacho.
920 3054 1099 3107 terborem.

87 3134 106 3181 8
125 3127 218 3181 avelle
235 3126 277 3181 ita
296 3143 332 3181 ne
350 3128 462 3196 scripsi.-
484 3126 621 3181 avellana.
702 3129 718 3178 9
737 3124 822 3179 illico.
904 3130 939 3177 13
957 3122 1101 3192 pollicem.

90 3203 125 3251 16
143 3214 209 3252 rosu
229 3200 341 3267 scripsi:
362 3213 435 3252 roso.
527 3202 559 3251 17
580 3195 657 3251 dicis.
749 3201 782 3249 19
802 3194 881 3248 dicis.
970 3198 1005 3247 25
1024 3209 1101 3247 mare

88 3270 161 3338 (sic).
204 3270 268 3323 ’26
287 3268 386 3323 sidulu.
