2609 4017
437 135 816 215 -110-

190 300 322 381 inlitum,
349 301 466 362 cocleae
494 302 639 360 contritae
668 305 698 360 et
726 300 817 360 fronti
843 298 944 359 inlitae
973 299 1111 359 similiter
1139 318 1209 378 pro-

137 401 171 450 25
192 398 270 450 suut.
307 391 416 450 tranei
438 389 496 450 tela
520 391 599 450 sicca
621 389 755 469 adposita
779 388 917 448 subvenit
934 390 1051 449 narium
1070 390 1209 448 cruentis

190 478 345 559 fluoribus,
368 497 404 538 ex
427 478 554 538 ferventi
577 497 653 558 aqua
677 495 768 556 vapor
791 477 913 537 naribus
934 485 1048 537 tractus
1067 477 1210 537 medetur

136 579 170 628 26
190 586 293 628 earum
316 566 470 646 gravidini
516 566 676 627 Gallinacei
699 565 857 628 cerebrum
881 565 927 626 vel
950 569 1070 644 sanguis
1092 565 1208 626 colum·

189 657 278 717 binus
305 655 344 716 ob
369 656 399 716 id
423 665 559 717 servatus
582 657 774 734 remedioque
798 655 947 715 adhibitus
970 654 1094 715 naribus
1117 655 1233 734 prod-s

189 754 248 825 est,
278 745 330 805 sed
358 747 385 805 si
411 764 447 805 ex
471 745 593 806 vulnere
616 746 773 807 immodice
796 745 869 805 llnat
891 745 1020 823 sanguis,
1046 744 1136 804 limus
1161 763 1208 803 ca-

135 845 169 893 at
188 834 316 895 bellinus
340 835 488 912 quomodo
511 837 645 913 egeritur
673 831 826 913 adpositus
850 835 949 894 statim
973 832 1123 892 subvenit.
1164 832 1206 892 lle

136 933 169 982 28
187 942 279 1003 porro
302 925 413 983 sectivo
438 926 508 983 trito
533 941 621 984 nares
644 923 771 983 lluentes
795 930 876 982 recte
900 921 1087 982 obturantur.
1125 921 1205 980 Lana

189 1013 291 1074 sucida
315 1014 443 1073 coicitur
465 1015 496 1073 in
519 1031 608 1073 nares
631 1029 700 1072 cum
721 1011 786 1071 oleo
806 1029 929 1071 rosaceo
948 1018 978 1070 et
997 1009 1149 1071 auriculae
1168 1011 1205 1069 de

188 1101 254 1163 lana
278 1102 380 1163 sucida
404 1100 582 1162 obturantur
606 1103 694 1160 etita
714 1102 834 1178 sanguis
853 1099 1004 1178 profluens
1023 1101 1204 1160 continetur.
1219 1115 1242 1153 ιο

135 1200 169 1249 29
189 1190 352 1269 Coagnlum
375 1193 516 1268 agninum
540 1209 576 1250 ex
599 1208 675 1268 aqua
699 1189 855 1250 subactum
878 1196 908 1249 et
928 1188 1061 1249 inlusum
1080 1187 1205 1248 naribus

135 1288 169 1337 30
188 1278 351 1339 fluentibus
374 1281 449 1338 mire
473 1279 603 1356 prodest.
640 1278 739 1360 Adeps
763 1278 799 1338 de
823 1277 980 1338 anseribus
1003 1296 1071 1338 cum
1095 1276 1204 1357 butyro

135 1378 168 1427 31
188 1369 254 1445 pari
277 1367 409 1446 pondere
432 1366 550 1427 inlusus
572 1367 753 1446 prolluvium
776 1369 892 1428 narium
916 1369 1004 1427 sistit.
1041 1365 1135 1426 Terra
1159 1366 1203 1425 vel

188 1455 291 1534 argilla
314 1455 350 1516 de
374 1459 489 1517 camino
513 1457 558 1516 vel
581 1457 618 1517 de
637 1457 726 1517 lurno
745 1458 866 1535 antiquo
887 1458 995 1516 teritur
1013 1464 1044 1516 et
1062 1473 1098 1515 ex
1118 1463 1203 1515 aceto

188 1545 375 1624 temporibus
403 1553 433 1606 et
462 1544 601 1626 cerebro,
628 1545 752 1606 naribus
779 1563 898 1624 quoque
925 1543 1061 1604 inlinitur
1085 1544 1131 1604 vel
1160 1547 1202 1603 in·
1217 1558 1239 1598 u

135 1645 168 1693 32
188 1634 332 1715 funditur,
353 1653 429 1713 quae
449 1653 498 1695 res
512 1635 710 1714 profluentem
726 1636 817 1694 nimie
832 1635 1006 1713 sangninem
1026 1635 1112 1694 sistit
1141 1632 1203 1692 Tus

188 1733 219 1783 et
237 1726 336 1783 resina
354 1727 385 1783 in
405 1725 528 1783 farinam
547 1723 667 1784 redacta
686 1722 808 1783 naribus
831 1722 984 1802 induntur‚'
1009 1722 1088 1801 quod
1107 1741 1202 1782 reme-

134 1821 168 1870 33
188 1812 270 1872 (lium
295 1814 383 1872 etiam
402 1831 439 1871 ex
458 1830 509 1872 ore
528 1820 698 1872 manantem
717 1813 890 1890 sanguinem
910 1811 1037 1872 cohibet.
1074 1811 1115 1870 De
1136 1828 1202 1871 san·

187 1902 277 1978 guine
300 1903 365 1978 ipso
389 1902 442 1978 qui
464 1899 530 1960 lluit
552 1919 662 1961 nomen
685 1903 750 1962 eius
773 1903 804 1960 in
823 1900 920 1960 lronte
940 1899 1046 1980 scribe,
1070 1902 1119 1960 cui
1142 1918 1201 1960 me-

187 1988 316 2048 dendum
345 1995 404 2067 est,
437 1988 593 2049 adversum
623 1989 802 2068 profluvium
830 1991 963 2069 narium,
1000 1991 1099 2049 statim
1133 1988 1200 2049 sub·
1213 2003 1237 2042 20

134 2087 169 2136 34
187 2079 296 2136 venies.
320 2075 441 2136 Scribes
456 2095 575 2138 carmen
588 2079 643 2139 boc
658 2081 689 2139 in
704 2079 805 2139 charta
819 2079 932 2156 virgine
947 2086 977 2138 et
991 2078 1082 2138 linteo
1097 2076 1200 2156 ligabis

187 2173 217 2225 et
245 2165 376 2226 medinm
404 2167 507 2244 cinges
535 2185 603 2227 eum
632 2167 678 2228 vel
708 2186 785 2246 eam,
814 2185 888 2245 quae
916 2170 1046 2246 patietur
1069 2167 1106 2226 de
1129 2185 1199 2245 qua·

188 2253 261 2314 libet
283 2263 367 2332 parte
391 2257 527 2332 corporis
550 2259 704 2334 sanguinis
727 2256 853 2316 lluxum:
881 2258 943 2334 sicy
967 2274 1051 2316 cuma
1076 2273 1200 2316 cucuma

133 2353 168 2402 35
188 2360 294 2403 ucuma
311 2361 397 2403 cuma
411 2361 478 2403 uma
495 2363 567 2404 maa.
596 2345 670 2405 ltem
684 2363 805 2406 carmen
819 2345 875 2404 boc
891 2344 963 2405 utile
976 2344 1122 2423 prolluvio
1137 2362 1199 2404 mu·

186 2430 287 2493 liebri:
310 2431 454 2510 Stupidus
472 2435 504 2492 in
523 2443 623 2494 monte
641 2433 712 2514 that,
736 2433 873 2512 stupidus
893 2435 1021 2513 stupuit3
1047 2433 1150 2493 adiuro
1170 2442 1197 2492 te
1211 2441 1235 2482 ²⁵

186 2523 307 2599 matrix,
335 2539 372 2580 ne
396 2521 453 2582 hoc
476 2522 618 2582 iracunda
643 2525 802 2602 suscipias3
829 2525 893 2601 pari
917 2523 1032 2582 ratione
1056 2524 1198 2600 scriptum

133 2619 168 2670 36
187 2609 301 2688 ligabis.
346 2609 475 2689 Murram
500 2629 567 2671 cnm
597 2611 689 2671 nardo
718 2629 794 2689 puro
822 2618 943 2671 contere
969 2619 999 2671 et
1022 2611 1090 2670 inde
1114 2628 1198 2670 nares

186 2707 274 2776 tange
302 2716 387 2758 mane
416 2706 446 2758 et
468 2717 603 2778 vespera,
633 2698 792 2759 subvenies
820 2701 957 2778 sanguini
984 2700 1110 2759 nimium
1134 2717 1197 2778 pro·

133 2796 167 2846 33
186 2786 299 2847 lluenti.
322 2786 432 2847 Verum
447 2787 574 2847 terream
588 2787 764 2848 candentem
780 2791 810 2847 in
825 2797 908 2848 aceto
923 2787 1045 2849 adsidue
1060 2791 1197 2865 extingue

133 2885 167 2934 38
187 2881 217 2934 et
241 2874 354 2933 fumum
376 2878 441 2934 eins
464 2875 587 2935 naribus
610 2875 721 2936 ducito.
759 2876 836 2936 Ruta
858 2879 977 2954 saepius
999 2876 1135 2936 ollactata
1153 2876 1196 2936 vel
1209 2886 1233 2925 ³0

187 2963 257 3022 trita
279 2961 362 3021 inlita
385 2965 559 3041 sanguinem
582 2982 619 3023 ex
642 2963 765 3024 naribus
789 2967 877 3025 nimis
898 2965 1039 3026 lluentem
1058 2965 1195 3026 retundit.

133 3062 166 3111 39
186 3050 280 3110 Radix
308 3051 421 3110 urticae
450 3053 539 3130 capiti
569 3054 711 3133 inposita,
739 3057 764 3112 si
789 3053 926 3114 manibus
950 3056 1085 3133 utrisque
1109 3072 1195 3134 supra

186 3147 276 3216 caput
298 3140 495 3219 contineatur,
520 3142 595 3200 mire
618 3142 741 3220 prodest
764 3141 922 3203 adversum
945 3142 1122 3222 profluvium
1146 3161 1194 3203 na-

133 3238 167 3286 40
186 3229 273 3287 rium.
306 3225 422 3286 Herbae
444 3227 584 3308 polygoni
606 3249 715 3291 corona
734 3233 824 3310 capili
842 3233 969 3310 inposita
989 3231 1112 3293 naribus
1130 3250 1192 3310 pro·

260 3369 291 3415 13
310 3362 372 3431 pari
390 3379 440 3418 om.
541 3369 575 3418 14
592 3364 691 3435 argila.
782 3372 815 3421 lt
834 3365 968 3421 induitur.
1046 3372 1080 3421 nt>
1099 3365 1191 3420 adiuro

185 3433 226 3504 te]
245 3431 382 3488 adiuncto
450 3440 484 3490 23
503 3435 605 3489 matrix
622 3437 736 3504 aminsi:
759 3439 865 3495 matris.
934 3444 967 3493 29
991 3455 1059 3492 veru
1077 3437 1191 3492 ferreum

99 3510 103 3514 “
186 3504 308 3558 candens
328 3504 488 3561 nemrim.
559 3512 595 3561 30
613 3506 774 3562 olefactata.
