2609 4017
167 345 224 406 que
248 344 282 386 eo
306 326 528 404 porrigioosum
551 331 582 383 et
603 323 774 384 ulcerosum
792 330 883 401 caput
905 329 1009 383 contra
1032 320 1126 401 pilum
1149 329 1180 381 31
1285 295 1293 402 l

112 430 145 478 31
166 423 268 494 postea
290 412 401 474 lavabis
425 415 456 472 in
475 410 589 473 balneo.
626 412 798 491 Conpositio
823 414 933 491 optima
953 420 983 472 et
1001 416 1124 489 experta
1142 409 1181 470 ad
1286 407 1293 484 l

166 506 237 565 31113
255 504 361 581 3331113
380 503 478 562 omnia
497 519 588 580 33333
607 503 732 579 scripta:
754 500 887 561 Pumicis
905 501 1033 579 unciam,
1051 500 1180 559 castorei

168 626 206 637 -
228 591 261 672 V,
284 609 407 671 spumae
425 593 540 668 argenti
561 622 599 633 —
617 589 663 668 Vl,
686 592 788 669 cyperi
808 624 850 632 —
864 587 914 668 lll,
937 606 1054 668 myrrae
1075 618 1113 629 —
1131 586 1181 666 lll,

166 679 348 760 myrobalani
373 678 500 759 -1111,
525 678 680 758 sulphuris
703 680 761 738 3131
786 677 873 759 -13
895 679 993 737 omnia
1017 676 1126 737 tundes
1149 682 1182 735 et
1206 690 1219 731 3

167 768 312 831 cribrabis
340 776 371 828 et
397 769 553 847 permixtis
584 786 639 847 pro
672 766 845 846 aphronitro
877 768 909 826 in
939 765 1045 826 balneo
1077 766 1181 825 uteris.

113 859 270 937 33111313
294 859 403 918 veteris
427 856 530 919 suillae
553 856 584 917 P.
604 855 617 916 l
641 863 671 917 et
693 857 769 934 picis
792 856 910 917 cedriae
933 855 965 915 P.
987 854 999 915 l
1026 856 1096 933 igne
1123 853 1182 914 dis·

168 947 277 1028 solves,
306 955 369 1007 tum
398 944 549 1024 staphidos
578 947 677 1023 agriae
705 953 810 1005 tunsae
839 946 958 1008 unciam
984 942 1124 1005 miscebis
1153 950 1183 1003 et

167 1043 235 1096 ante
257 1035 362 1095 boram
381 1052 470 1114 qnam
489 1034 526 1094 ad
544 1032 683 1095 balneum
701 1033 789 1094 vadas
812 1036 853 1095 ita
876 1040 966 1112 caput
988 1034 1068 1092 vitiis
1091 1049 1182 1111 supra
1205 1030 1212 1046 ⁴

168 1126 288 1203 seriptis
311 1123 448 1185 laborans
473 1129 576 1184 contra
598 1122 692 1202 pilum
716 1122 851 1203 fricabis,
874 1130 909 1183 ut
935 1120 1063 1182 insideat
1090 1120 1223 1182 medi-10

168 1220 346 1293 samesium,
370 1211 449 1291 qnod
473 1230 534 1272 non
558 1218 625 1272 ante
649 1210 746 1272 dilues
769 1229 858 1291 quam
881 1211 917 1271 ad
941 1209 1049 1271 solium
1072 1211 1181 1270 venias.

170 1301 201 1362 Si
216 1308 315 1362 autam
334 1300 522 1361 medicamini
540 1299 611 1360 h'uic
630 1300 776 1361 adieceris
790 1300 888 1361 ladani
902 1297 1075 1379 scripulum,
1093 1298 1182 1377 capil-

115 1403 148 1453 33
168 1391 230 1451 lum
253 1392 368 1451 nutries
391 1388 603 1469 pulchriorem.
637 1388 783 1449 Furfures
803 1390 909 1469 capitis
924 1386 1182 1467 *extenuabuntun

169 1481 196 1540 si
222 1486 355 1539 stercore
383 1479 502 1539 murino
533 1476 693 1556 liquefacto
726 1480 756 1538 in
789 1486 873 1538 aceto
901 1485 991 1555 33331
1017 1478 1048 1536 13
1077 1475 1182 1536 balneo

116 1580 150 1630 34
168 1568 372 1647 333131333313.
417 1565 503 1627 Lotio
537 1568 653 1627 taurino
682 1575 772 1645 33331
800 1568 826 1627 31
852 1566 972 1647 laveris,
999 1566 1182 1644 porriginem
1197 1577 1222 1618 1⁵

116 1670 149 1719 33
168 1658 401 1718 vetustissimam
424 1655 508 1717 tollit.
546 1653 698 1716 Vetustam
721 1657 903 1735 porriginem
922 1657 997 1715 mim
1016 1653 1138 1734 adimes,
1158 1655 1184 1713 si

167 1746 278 1808 herbae
302 1744 485 1825 cyclaminis,
513 1743 542 1805 id
566 1752 613 1805 est
635 1743 825 1825 orbicularis,
855 1762 928 1805 suco
957 1742 1110 1823 sulphuris
1133 1741 1184 1802 ali·

169 1842 312 1914 quantum
335 1834 493 1894 miscueris
517 1832 609 1893 31131
633 1834 795 1894 serotinum
825 1840 914 1911 atque
942 1832 1012 1893 inde
1040 1832 1184 1909 3333113

116 1922 274 1985 33131333
299 1920 374 1981 bene
397 1919 582 1999 perfricabis.
620 1920 726 1981 Ulcera
749 1923 855 2000 capitis
875 1921 1060 1982 3311133313
1079 1937 1184 1980 sanan·

170 2019 232 2090 tur,
261 2011 288 2069 31
315 2010 391 2069 asini
418 2010 561 2069 stercoris
589 2026 662 2069 suco
690 2017 719 2069 et
746 2009 847 2070 scillae
870 2012 1014 2071 contritae
1039 2016 1183 2088 quantum
1197 2023 1225 2062 so

171 2100 243 2159 satis
262 2097 411 2158 videbitur
429 2105 460 2158 31
478 2095 607 2157 bubulae
625 2098 719 2177 adipis
734 2097 908 2160 tantundem
923 2099 1080 2159 miscueris
1093 2103 1184 2176 atque

117 2199 150 2248 33
172 2186 207 2247 ad
231 2188 337 2267 capitis
360 2185 463 2247 ulcera
486 2185 577 2246 331311
601 2194 702 2246 333313
726 2205 799 2248 3333
822 2188 925 2248 133313.
960 2186 1013 2248 Fel
1032 2188 1184 2247 taurinum

170 2278 296 2336 mixtum
320 2292 389 2335 cum
411 2276 492 2335 nitro
515 2281 545 2334 31
568 2276 635 2334 3133
659 2283 689 2335 31
712 2275 786 2356 oleo,
810 2276 889 2354 qnod
913 2278 985 2337 satis
1008 2278 1059 2355 sit,
1083 2274 1183 2335 ulcera

117 2365 277 2443 383331113
305 2362 351 2423 vel
378 2363 595 2431 fervescentem
623 2363 753 2424 scabiem
781 2370 873 2425 sanat.
918 2363 1022 2425 Ulcera
1051 2364 1183 2424 recentia

171 2461 201 2513 et
224 2454 452 2514 3313333331113
471 2450 605 2513 ulcerum
628 2454 660 2512 13
684 2454 779 2531 333113
803 2460 909 2513 333331
931 2470 1055 2532 vermes,
1077 2454 1129 2531 qui
1151 2453 1184 2511 in
1198 2466 1225 2506 2⁵

171 2541 277 2609 arbore
301 2559 371 2603 3333
394 2540 440 2601 331
462 2541 582 2620 putrida
610 2550 788 2621 nascuntur,
816 2543 880 2602 triti
908 2550 938 2602 et
964 2543 996 2601 13
1018 2559 1116 2621 panno
1139 2543 1182 2600 in-

171 2632 270 2709 positi.
311 2629 403 2691 lidem
428 2648 543 2691 vermes
567 2630 706 2691 conbusti
734 2639 764 2691 31
792 2648 861 2691 eum
884 2629 992 2691 anetho
1015 2632 1095 2691 sicco
1118 2631 1184 2707 pari

117 2730 151 2779 33
170 2720 302 2799 pondere
325 2722 390 2780 triti
413 2726 443 2779 31
466 2720 588 2797 inpositi
611 2726 717 2779 sanant
739 2721 828 2779 etiam
854 2722 1060 2779 carcinomata.
1102 2716 1184 2778 13313

170 2810 201 2868 13
226 2807 291 2867 3133
315 2805 446 2867 discocta
470 2815 501 2867 31
523 2808 651 2867 33313113
675 2815 706 2867 31
728 2825 796 2867 cum
815 2806 923 2887 butyro
942 2805 1029 2867 ovillo
1049 2814 1079 2867 et
1095 2806 1183 2866 melle

170 2897 298 2973 inposita
317 2893 458 2955 cacoethe
478 2892 631 2972 [maligna]
652 2894 802 2975 emendat3
822 2896 924 2957 eadem
943 2897 1058 2956 ratione
1077 2913 1182 2955 curan·
1197 2911 1224 2951 eo

170 2992 221 3044 133
240 2990 269 3043 31
288 2981 403 3062 tubera,
426 2982 478 3042 sed
496 2982 570 3042 baec
589 2984 653 3043 3133
673 2983 826 3062 emplastri
844 3003 942 3065 panno
962 2984 1048 3045 inlini
1066 2983 1183 3044 debent.

118 3082 152 3131 43
170 3069 294 3131 Vermes
315 3070 466 3131 ulceribus
486 3072 591 3150 capitis
609 3070 656 3132 vel
675 3071 913 3153 quibuscumque
932 3075 1026 3134 innati
1045 3090 1183 3134 ranarum

171 3158 238 3220 lelle
262 3159 420 3242 tolluntur3
449 3178 483 3220 ea
511 3178 593 3241 vero,
622 3178 698 3239 quae
724 3163 906 3223 intrinsecus
930 3168 1067 3241 serpunt,
1096 3160 1183 3221 salsa-
1294 3157 1295 3168 ’

171 3257 271 3309 mento
294 3256 396 3309 vetere
420 3257 508 3310 tunso
532 3251 563 3309 in
587 3251 681 3309 vicem
706 3249 858 3322 emplastri
880 3254 1009 3329 inposito
1031 3258 1183 3316 33333133.

16 3370 17 3373 =
116 3348 150 3397 41
170 3337 263 3399 Radix
280 3340 405 3417 peponis
424 3339 552 3399 contrita
571 3346 601 3398 et
619 3338 754 3416 adposita
773 3347 857 3399 sanat
871 3338 979 3420 ulcera,
999 3358 1074 3419 quae
1094 3340 1184 3418 capiti
1197 3354 1224 3396 aa

117 3437 152 3485 43
171 3428 203 3487 13
231 3427 350 3488 modum
379 3428 436 3487 1331
464 3436 670 3487 concrescunt.
713 3425 820 3487 Semen
849 3429 944 3488 331331
967 3430 1071 3489 tritum
1095 3435 1126 3488 et
1148 3446 1182 3488 ex

117 3526 151 3575 43
172 3533 247 3594 aqna
283 3515 450 3595 adpositum
483 3517 563 3575 sistit
590 3516 687 3573 omnia
716 3514 825 3577 ulcera.
870 3515 997 3577 Porrnm
1024 3519 1183 3596 capitatum
