2609 4017
530 212 750 277 „67-

128 375 251 437 lavabis·
274 384 303 437 et
336 394 491 456 expressas
525 375 633 436 sabano
667 375 806 458 siccabis,
839 376 946 437 deinde
978 377 1087 438 tundes
1116 380 1147 438 in

128 468 235 546 pisone
264 482 429 525 marmoreo
459 473 489 525 et
515 482 619 526 sucum
647 465 717 526 inde
740 465 831 526 linteo
854 468 967 526 intorto
991 468 1149 547 exprimes,

130 564 193 615 tum
218 554 323 615 leviter
346 553 382 614 ad
404 553 549 615 carbones
571 553 778 634 despumatum
799 554 958 634 tepefacies
977 562 1008 616 et
1026 554 1149 616 naribus

129 643 284 723 infundes,
310 644 350 703 ita
375 650 409 703 ut
432 644 457 703 is
481 644 531 703 eui
554 642 721 703 medeberis
750 661 856 723 aquam
885 643 1013 723 tepidam
1041 647 1147 705 inore

101 734 296 813 scontineat,
329 740 359 792 et
391 733 417 792 si
449 748 527 792 unus
560 731 666 792 oculus
697 731 855 815 laborabit,
888 733 1021 794 diversae
1054 736 1147 812 partis

128 838 218 881 nares
238 821 378 882 infundes
397 828 428 881 et
446 820 532 881 melle
551 821 648 881 Attico
668 822 830 902 continges.
868 821 900 882 Si
919 830 1018 883 tamen
1036 822 1146 883 videris

129 909 234 971 oculos
258 911 324 970 suci
341 909 421 970 illius
440 910 589 970 infusione
608 909 753 991 turbatos,
775 910 895 990 herbae,
919 929 1007 991 quam
1027 911 1146 990 qnidam

129 998 310 1060 cerebellum
330 1001 411 1083 canis
430 997 586 1080 appellant,
605 998 689 1059 radix
706 1018 742 1060 ex
761 1017 836 1078 aqua
855 999 1033 1080 decoquitur
1051 1018 1147 1079 eoque

129 1105 234 1149 umore
263 1086 342 1149 oculi
364 1088 506 1148 adversus
530 1087 688 1167 epiphoras
711 1086 825 1149 utiliter
848 1088 994 1150 foventur.
1040 1087 1146 1149 farina
1166 1104 1199 1152 33

86 1194 113 1233 ιο
127 1176 280 1238 hordiacia
308 1185 339 1237 ct
366 1176 440 1256 galla
463 1186 587 1238 contusa
610 1196 679 1238 cum
702 1195 778 1257 aqua
800 1179 946 1257 permixta
971 1185 1002 1238 et
1024 1177 1147 1238 collecta

127 1265 225 1327 oculis
259 1283 326 1327 cum
358 1275 462 1346 tepore
495 1267 622 1345 inposita
652 1275 785 1327 tumores
814 1266 991 1345 doloresque
1020 1265 1146 1327 sedabis.

128 1354 325 1417 Coriendrum
357 1354 451 1415 viride
479 1356 583 1416 tritum
611 1354 740 1435 laetique
768 1355 902 1416 mulieris
929 1356 1086 1417 inmixtum
1115 1363 1146 1416 et
1164 1370 1200 1418 34

127 1443 315 1505 tumentibus
339 1444 385 1504 vel
406 1443 576 1504 dolentibus
595 1444 690 1505 oculis
709 1444 877 1523 adpositum
896 1446 996 1505 statim
1014 1444 1146 1525 prodest,

127 1534 208 1594 idem
232 1535 385 1613 etapium
408 1540 539 1612 praestat
563 1532 699 1594 similiter
721 1535 892 1612 inpositum.
938 1532 999 1594 Ros
1017 1533 1145 1594 caeleste
1164 1546 1198 1597 35

86 1639 113 1680 ra
126 1641 218 1683 mann
244 1621 353 1682 munda
381 1620 538 1683 collectum
568 1629 597 1683 et
626 1630 710 1683 rutae
735 1622 883 1683 silvaticae
907 1633 1049 1682 contusae
1073 1640 1146 1681 suco

126 1712 292 1773 admixtum
311 1713 344 1771 in
362 1710 498 1790 plumbea
517 1710 625 1791 pyxide
644 1709 841 1791 reconditum,
860 1728 928 1771 cum
952 1727 1027 1788 opus
1046 1711 1145 1791 fuerit,

126 1801 286 1861 adversum
309 1799 468 1879 epiphoras
491 1800 646 1875 oculorum
666 1800 757 1859 fronti
775 1807 806 1860 et
825 1798 993 1879 superciliis
1011 1800 1145 1878 inpones.

66 1934 69 1941 .
125 1889 212 1970 Vino,
231 1892 262 1950 in
282 1907 340 1967 quo
359 1888 461 1950 laurus
480 1889 571 1949 fuerit
590 1888 741 1970 decoctus,
760 1888 838 1950 oculi
857 1888 911 1949 foti
925 1887 1027 1948 dolore
1041 1897 1145 1967 poten·
1164 1902 1198 1952 36

127 1980 243 2040 tissime
262 1976 447 2039 levabuntur.
485 1976 576 2057 Spina
594 1977 660 2038 alba
678 1976 824 2039 conbusta
843 1985 872 2039 et
891 1976 968 2038 bene
986 1979 1056 2038 trita
1076 1996 1143 2038 cum
1163 1991 1198 2040 33

85 2083 112 2123 so
127 2086 184 2128 ovo
213 2066 386 2147 superinlita
414 2066 460 2127 rel
487 2069 608 2128 inuncta
635 2066 719 2128 sedat
747 2068 871 2128 mirilico
900 2065 1018 2127 dolores
1046 2067 1144 2127 oculo-

127 2176 205 2218 rum.
243 2155 341 2218 Gallae
365 2158 509 2217 contritae
529 2157 665 2235 turisque
683 2158 748 2236 pari
768 2155 854 2216 modo
873 2155 971 2235 pulvis
989 2156 1057 2216 vino
1076 2173 1143 2235 per·
1163 2169 1197 2218 38

127 2249 240 2307 mixtus
273 2252 303 2305 et
335 2245 427 2306 fronti
454 2244 557 2306 inlitus
585 2254 733 2306 tumorem
761 2244 915 2305 oculorum
948 2244 1141 2322 doloremque

127 2335 220 2396 sedat.
267 2333 379 2395 Crebro
407 2333 595 2395 lacrimantes
623 2333 725 2394 oculos
753 2341 787 2395 ut
814 2335 959 2415 exsicces,
987 2332 1140 2394 lucernam
1163 2346 1197 2395 33

126 2424 194 2485 oleo
223 2423 344 2484 cedrino
372 2422 515 2501 repletam
544 2441 758 2502 accensamque
782 2424 972 2502 superposito
995 2422 1041 2482 rel
1063 2424 1145 2483 iuxta

85 2530 113 2570 aa
128 2530 276 2592 suspenso
300 2530 392 2573 aeneo
415 2512 535 2573 vasculo
557 2514 698 2592 permitte
722 2513 871 2593 consumi,
898 2510 967 2571 inde
991 2509 1145 2589 fuliginem

127 2601 283 2663 collectam
310 2603 341 2662 in
369 2600 475 2681 pyxide
504 2603 624 2682 cyprina
653 2600 781 2661 reconde
810 2605 840 2659 et
863 2616 932 2660 cum
955 2615 1030 2676 opus
1054 2598 1144 2659 fuerit

125 2693 248 2772 inunge,
266 2689 423 2751 miraberis
441 2690 602 2751 efficaciam
622 2688 838 2749 medicamenti.
873 2685 1020 2765 Caprinus
1039 2704 1144 2747 caseus
1162 2699 1197 2749 40

126 2797 235 2841 recens
263 2779 435 2859 coagulatus
459 2797 548 2859 supra
573 2777 675 2839 oculos
698 2778 814 2857 positus
838 2775 955 2836 dolores
979 2776 1038 2836 cito
1061 2774 1142 2836 lenit.

126 2868 262 2931 llnmicis
281 2868 406 2929 silvatici
422 2868 551 2929 radicem
571 2867 640 2929 luna
660 2866 853 2927 decrescente
872 2864 976 2945 collige
995 2872 1025 2926 et
1044 2872 1143 2926 tecum
1163 2880 1195 2928 41

86 2973 113 3014 so
127 2958 237 3019 habeto
261 2957 452 3020 nitidissime:
476 2956 616 3036 quamdiu
636 2974 700 3017 eam
719 2964 818 3016 tecum
836 2954 986 3035 habueris,
1009 2972 1070 3016 non
1089 2954 1141 3034 lip-

127 3049 202 3127 pies.
230 3047 417 3108 Democritus
432 3047 574 3127 adfirmat,
595 3044 663 3105 felle
674 3045 804 3126 hyaenae
818 3047 845 3105 si
858 3045 940 3105 frons
954 3043 1143 3125 perfricetur,
1161 3057 1196 3106 43

128 3135 288 3216 epiphoras
302 3137 479 3215 incipientes
494 3144 524 3196 ct
538 3151 655 3194 omnem
670 3133 825 3195 oculorum
839 3133 971 3194 dolorem
990 3150 1079 3211 posse
1098 3150 1142 3192 sc-

128 3225 202 3286 dari.
240 3225 271 3285 Si
294 3224 428 3285 mulieris
452 3224 549 3304 saliva,
574 3241 648 3301 quae
672 3240 781 3302 pueros
805 3240 864 3283 non
883 3220 996 3302 puellas
1015 3219 1142 3281 ediderit
1161 3236 1195 3285 43

128 3321 158 3375 et
179 3313 358 3375 abstinuerit
376 3331 408 3374 se
427 3312 523 3392 pridie
542 3314 610 3373 vino
630 3320 660 3373 et
679 3311 754 3373 cibis
772 3310 938 3372 acrioribus
958 3317 987 3369 et
1005 3310 1142 3389 inprimis

88 3416 114 3459 ss
128 3405 155 3463 si
178 3421 253 3482 pura
277 3409 307 3463 et
330 3402 423 3463 nitida
447 3404 512 3483 erit,
536 3400 659 3480 angulos
682 3401 835 3462 oculorum
860 3400 1003 3479 tetigeris,
1026 3416 1143 3460 omnem

202 3596 236 3646 10
254 3590 386 3647 ordiacie.
471 3594 503 3643 16
521 3586 626 3659 pixide.
707 3593 742 3643 at
762 3585 895 3642 efficacia.
971 3592 1006 3642 30
1023 3585 1151 3656 lyppies.-

951 3676 983 3727 δ*
