2609 4017
498 193 738 258 -171-

197 354 284 415 Aliud
307 355 556 416 medicamentum
580 358 703 416 strumis
725 363 755 416 et
774 357 903 435 suspirio
922 357 1035 437 efficax,
1054 359 1124 419 iacit
1143 370 1159 420 5

103 453 208 506 autem
232 443 321 504 etad
344 443 514 505 lumborum
538 443 687 505 diutinum
710 444 843 505 dolorem
867 453 897 507 et
920 446 956 506 ad
975 447 1123 527 paralysin

105 541 138 594 et
160 533 197 593 ad
220 533 401 612 hydropicos
425 540 455 594 et
478 532 514 593 ad
538 531 681 613 lienosos,
705 535 864 594 conficitur
887 537 943 596 sic:
966 534 1124 615 Bruoniae,

104 622 136 682 id
160 633 208 682 est
232 621 314 681 albae
336 623 415 702 ritis,
435 622 545 682 radicis
569 621 593 681 ll
613 621 676 703 llll,
699 625 751 683 iris
775 622 907 702 illyricae
932 623 957 683 ll
976 623 1040 704 llll,
1064 643 1125 685 am·

73 713 237 771 smoniaci
260 718 362 788 guttae
384 710 410 770 li
430 709 493 788 Xll,
516 713 651 790 asparagi
674 711 783 772 radicis
803 711 828 772 ll
846 710 892 792 Vl,
916 712 1014 774 scillae
1040 713 1124 775 bulbi

104 799 194 861 crudi
217 810 355 860 tenerum
378 819 414 865 ex
438 801 582 860 interiore
600 809 685 879 parte
705 799 730 860 ll
749 799 811 880 Xll,
834 802 1018 879 tragacanthi
1037 801 1062 863 ll
1078 801 1123 863 Vl.

104 887 159 949 His
183 887 280 948 mellis
302 890 447 948 miscetur
471 887 550 968 quod
575 889 712 970 sufficiat,
740 890 792 950 sed
815 892 899 969 prius
923 893 1057 952 contusis
1081 891 1123 952 di-

103 977 234 1056 ligenter
253 966 391 1058 et‘tritis,
410 977 505 1038 donec
525 980 620 1038 ceroti
638 977 767 1038 habeant
784 985 1031 1061 temperaturam3
1054 980 1123 1040 inde

102 1085 176 1127 cum
195 1085 271 1145 opus
290 1075 345 1147 est,
364 1066 451 1126 datur
469 1068 570 1127 ieiuno
589 1067 731 1128 denarius
749 1085 828 1128 unus
847 1086 915 1128 cum
937 1087 1030 1147 aquae
1050 1069 1123 1130 mul-

58 1173 88 1212 io
103 1173 156 1216 sae
180 1155 294 1235 cyathis
317 1155 423 1216 tribus.
709 1157 711 1160 ’

195 1243 324 1304 Balsami
346 1262 448 1304 semen
472 1245 576 1305 tritum
599 1252 703 1324 potum
730 1263 766 1305 ex
789 1247 857 1306 vino
881 1246 1004 1325 prodest
1027 1249 1158 1326 suspi·e

102 1334 209 1414 riesis,
239 1332 374 1413 caducis,
401 1333 561 1413 freniticis,
594 1327 761 1413 pleuriticis
791 1342 821 1395 et
851 1334 886 1395 ad
916 1337 1014 1396 omnia
1044 1337 1124 1416 vitia,

102 1439 183 1500 qnae
210 1422 243 1481 in
270 1421 392 1482 thorace
421 1420 602 1504 subsistunt,
634 1423 784 1501 pulmonis
813 1431 843 1484 et
870 1426 993 1503 suspirii
1025 1426 1123 1485 causis

102 1509 253 1572 medetur.
285 1509 433 1590 Thymnm
451 1513 555 1572 tritum
574 1519 680 1590 potum
699 1531 735 1572 ex
755 1513 822 1572 vino
842 1520 982 1573 extenuat
1000 1521 1031 1572 et
1049 1512 1123 1572 cale·
1144 1525 1159 1573 ⁷

59 1617 88 1658 15
101 1599 178 1660 facit
191 1617 269 1678 quae
284 1601 399 1660 suntin
414 1600 565 1660 stomacho
580 1603 689 1680 gravia,
707 1600 786 1662 unde
804 1603 965 1679 suspirium
981 1603 1124 1679 nascitur,

101 1695 241 1748 ventrem
265 1707 385 1768 quoque
407 1689 527 1768 relevat,
552 1691 727 1767 sanguinem
746 1698 887 1749 extenuat
910 1696 940 1749 et
959 1707 1034 1767 qnae
1054 1697 1125 1750 sunt

101 1777 254 1856 glutinosa
274 1785 304 1838 et
323 1777 476 1838 haerentia
495 1780 526 1837 in
545 1777 667 1838 thorace
687 1786 717 1838 et
736 1776 873 1837 lancibus
888 1777 1026 1838 detrahit.
1057 1775 1122 1838 Ori·
1144 1791 1160 1840 8

101 1871 215 1944 ganum
238 1885 307 1927 cum
326 1885 415 1927 croco
434 1868 541 1926 tritum
559 1873 753 1945 potatumque
773 1884 841 1927 cum
862 1869 930 1926 vino
949 1868 1123 1946 suspiriosis

101 1954 238 2034 prodest.
275 1955 427 2034 Hysopum
447 1973 566 2034 quoque
585 1955 701 2016 aridum
721 1965 880 2016 contusum
902 1963 932 2016 et
951 1965 1067 2017 cretum
1086 1973 1122 2016 cx
1141 1969 1157 2017 9

61 2062 89 2101 so
103 2062 183 2122 aqua
211 2051 263 2104 aut
289 2046 358 2103 vino
386 2053 437 2104 ant
464 2052 548 2105 aceto
577 2052 628 2104 ant
655 2044 742 2104 melle
768 2044 868 2105 datum
891 2051 943 2105 eut
966 2044 1122 2106 decoctum

102 2151 175 2192 cnm
199 2132 298 2211 aliquo
322 2132 584 2211 supradictorum
607 2131 757 2211 liquorum
783 2135 955 2213 suspiriosis
977 2135 1122 2195 medetur.

101 2220 292 2282 Marrubium
319 2221 436 2282 aridum
462 2225 568 2282 tritum
593 2240 662 2282 cnm
685 2221 782 2283 mellis
805 2222 944 2283 cocliario
969 2231 1123 2302 sumptum
1144 2234 1176 2282 10

102 2308 151 2370 rel
175 2328 267 2371 sucus
291 2312 355 2370 eius
378 2318 468 2389 potus
491 2328 584 2389 aeque
603 2313 777 2389 suspiriosis
796 2312 929 2372 remedio
948 2314 1013 2372 erit.
1031 2324 1033 2327 ’
1049 2311 1122 2372 Cha·
1142 2323 1172 2370 11

103 2399 245 2479 maedrys
272 2406 430 2459 extenuata
462 2401 592 2477 tritaque
625 2406 656 2459 et
688 2408 758 2478 pota
789 2401 912 2478 prodest
941 2402 1124 2478 suspiriosis

60 2505 88 2546 ss
104 2505 184 2566 qnae
211 2494 335 2567 propter
366 2487 594 2548 crassitudinem
626 2506 711 2548 suam
741 2487 856 2566 liquore
890 2486 1002 2567 aliquo,
1035 2490 1123 2548 etiam

104 2593 196 2658 aqua,
220 2577 376 2636 extenuari
398 2575 488 2636 debet
510 2583 541 2636 et
564 2578 608 2636 sic
631 2577 735 2654 accipi.
777 2574 876 2634 Herba
898 2576 1031 2634 tiniatica
1054 2587 1176 2635 con-12

103 2674 173 2726 tusa
196 2672 228 2725 et
250 2683 286 2724 ex
310 2664 397 2725 melle
421 2665 560 2725 cocliario
580 2672 697 2743 sumpta
717 2664 898 2741 suspiriosos
916 2672 1015 2743 curat3
1039 2672 1124 2724 rutae

105 2771 226 2832 quoque
257 2760 346 2832 atque
376 2752 486 2813 herbae
514 2752 668 2813 blattarine
697 2769 788 2811 sucus
817 2768 871 2828 per
899 2767 931 2810 se
959 2750 1046 2812 datus
1074 2760 1126 2810 aut

104 2842 224 2903 radices
247 2860 349 2903 earnm
372 2843 507 2902 incoctae
530 2859 606 2920 aqua
629 2848 660 2901 et
682 2841 767 2919 potui
790 2838 875 2899 datae
899 2839 1035 2900 similiter
1056 2857 1123 2919 pro-

64 2949 92 2990 so
108 2938 180 2992 sunt
202 2949 320 2991 necnon
344 2938 374 2990 et
396 2932 532 3008 capparis
555 2930 671 2990 radices
689 2929 769 2989 idem
788 2936 949 3011 praestant,
968 2931 994 2990 si
1017 2931 1067 3011 ita,
1092 2935 1125 2988 ut

107 3038 198 3099 snpra
218 3021 437 3099 scriptumest,
460 3020 652 3097 accipiantur.
690 3017 800 3078 Resina
818 3018 1019 3079 terebinthina
1038 3019 1123 3079 devo·
1146 3028 1177 3077 13

107 3117 192 3168 ratur
211 3107 248 3168 ad
266 3106 502 3185 magnitudinem
520 3105 604 3167 fabae
617 3108 813 3186 Aegyptiacae
836 3107 872 3168 ab
893 3126 937 3189 eo,
956 3110 1008 3187 qui
1027 3109 1123 3186 suspi-

106 3199 152 3256 rio
176 3194 300 3273 laborat,
322 3197 383 3254 vini
406 3195 512 3275 cyatho
536 3203 757 3276 supersumpto,
782 3214 856 3275 qnae
880 3213 929 3256 res
953 3213 1057 3273 magno
1077 3212 1123 3254 re-

106 3285 206 3346 medio
230 3293 285 3344 est.

198 3489 412 3560 eparalysen..
444 3488 670 3544 thammoniaoi
716 3495 748 3543 ir
768 3487 932 3559 gluttinose.
980 3492 1013 3541 29
1031 3487 1124 3558 putul.

107 3568 141 3617 31
160 3560 341 3617 terebinbina.

1138 3744 1243 3984 s
