2609 4017
501 162 745 227 -231—

117 326 163 387 vel
196 324 321 385 totidem
351 322 462 384 calidae
495 343 606 405 aquae,
641 327 667 385 si
699 323 915 385 lehricuIentus
948 328 1023 406 erit,
1056 327 1133 387 adsi-

117 414 175 476 due
199 414 295 474 datus.

207 502 252 562 Ad
271 503 379 562 iecoris
399 501 530 562 dolorem
549 504 630 581 potio
650 502 779 563 salubris
793 503 951 563 conficitur
966 504 1022 563 sic:
1045 502 1131 581 Pipe·
1149 517 1185 565 43

116 592 160 651 ris
187 589 268 672 -I,
292 592 439 669 eupaterii
465 590 544 671 -I,
568 593 644 651 costi
672 625 709 635 -
730 590 780 673 III,
803 591 909 652 bacani
932 590 1029 673 -11,
1052 592 1132 652 lacni

88 682 219 757 agraeci
241 712 278 722 -
299 678 360 739 IS.
391 678 496 741 Omnia
518 680 592 740 haec
615 682 686 741 trita
710 689 740 741 et
758 688 839 741 creta
858 680 990 741 servabis
1014 688 1131 742 etcum

115 786 192 829 usus
211 770 351 849 exegerit,
371 768 454 829 dahis
473 770 504 829 in
522 771 584 829 viui
602 771 723 848 potione
738 768 871 830 cocleare
885 769 1007 850 plenum
1021 772 1131 849 ieiuno,

113 860 157 917 ita
176 860 261 917 utin
281 857 385 918 dextro
403 856 495 917 latere
515 865 600 918 tenso
620 858 742 918 brachio
760 860 864 938 iaceat,
885 877 954 919 cum
972 860 1130 938 acceperit.

206 946 439 1025 Epithematium
462 946 498 1007 ad
521 948 606 1007 iecur
630 947 794 1007 sanandum
815 949 872 1007 sic:
896 946 1002 1008 Guttae
1021 965 1130 1007 ammo·
1149 961 1186 1009 44

115 1036 195 1095 niaci
218 1034 249 1095 P.
267 1034 307 1113 II,
331 1053 417 1095 cerae
441 1035 627 1115 tantundem,
654 1034 712 1095 olei
734 1037 815 1095 rosei
837 1035 1025 1117 tantundem,
1049 1038 1131 1096 croci

70 1140 160 1180 10-—
183 1122 204 1184 I.
247 1122 336 1183 Gutta
363 1126 544 1184 ammoniaca
572 1142 640 1184 cnm
668 1124 746 1184 bono
775 1132 858 1185 aceto
886 1126 1007 1204 teritur,
1035 1124 1131 1185 donec

115 1211 193 1272 hene
212 1214 282 1272 trita
301 1213 340 1272 sit
360 1220 390 1272 et
407 1212 554 1291 glutinosa
575 1214 639 1293 fiat3
663 1231 794 1293 crocum,
813 1215 839 1273 si
858 1215 970 1273 siccum
990 1220 1044 1291 est,
1063 1220 1130 1273 tun·

115 1319 184 1361 sum
214 1308 245 1361 ct
273 1300 436 1361 cribratum
463 1308 563 1379 guttae
596 1304 772 1362 ammoniaci
803 1302 984 1363 admiscetur
1017 1308 1047 1361 et
1078 1302 1131 1362 diu

114 1391 238 1470 teritur,
259 1391 285 1449 si
303 1389 437 1450 umidum
457 1398 511 1470 est,
529 1392 561 1449 in
581 1398 664 1451 aceto
683 1390 880 1451 madefactum
898 1392 1028 1471 primum
1047 1408 1130 1469 sepa·

114 1480 213 1558 ratim,
236 1478 343 1538 deinde
367 1496 435 1538 cum
459 1486 542 1557 gutta
568 1481 750 1540 ammoniaca
774 1482 894 1560 teritur,
919 1479 1027 1557 quihus
1049 1481 1131 1540 tritis

70 1582 99 1623 15
114 1573 251 1627 cerotum
278 1566 315 1625 de
345 1584 430 1628 roseo
459 1567 523 1627 oleo
552 1576 582 1628 et
609 1586 679 1628 cera
701 1567 812 1627 Punica
839 1567 949 1628 lactum
972 1567 1130 1645 refrigera·

112 1663 177 1716 tum
193 1655 374 1715 admiscetur
388 1664 417 1715 et
432 1664 491 1716 tam
505 1656 556 1716 din
570 1658 679 1717 teritur
695 1655 739 1716 vel
754 1656 912 1735 subigitur,
927 1654 1021 1715 donec
1036 1673 1130 1716 arnum

112 1762 224 1821 corpus
253 1745 315 1825 fiat,
343 1751 378 1804 ut
405 1743 547 1823 magdalia
569 1745 639 1805 inde
663 1744 844 1824 formentur,
872 1761 948 1824 quae
977 1743 1130 1803 stomacho

111 1832 271 1911 phoenicio
294 1832 416 1893 inducta
438 1835 636 1912 imponantur.

521 2032 599 2094 GAP.
622 2030 726 2093 XXIII.

148 2146 204 2200 Ad
230 2144 328 2201 honis
355 2145 426 2201 eive
454 2144 582 2215 splenis
609 2144 692 2200 vitia
719 2144 831 2201 omnIa
860 2148 894 2201 aa
921 2144 1096 2201 molestias

111 2233 289 2290 universas
312 2234 463 2290 remedia
485 2233 698 2289 rationabilia
718 2236 754 2289 et
770 2234 913 2303 physica
931 2234 1067 2291 diversa
1085 2234 1130 2289 do

497 2322 746 2392 experimentis.

203 2461 248 2521 Ad
271 2461 399 2522 lienosos
423 2461 499 2521 hene
522 2460 594 2521 facit
616 2461 751 2520 tamarici
773 2459 860 2537 longe
882 2477 899 2518 a
917 2461 993 2518 mari
1011 2458 1128 2519 collecti
1148 2471 1164 2519 1

71 2568 97 2607 no
112 2550 237 2612 arefacti
270 2558 300 2610 ct
333 2552 451 2611 contusi
483 2548 615 2628 pulveris
645 2548 785 2607 denarius
819 2564 896 2606 unus
929 2554 980 2606 aut
1011 2546 1128 2624 pondus

111 2641 261 2701 victoriati
289 2638 390 2699 datum
417 2657 453 2698 ex
480 2656 557 2717 aqua
584 2638 694 2697 ieiunis
721 2635 766 2695 vel
794 2654 830 2694 cx
858 2652 956 2713 posca,
1002 2632 1163 2696 Prodest2

111 2729 235 2789 henosis
267 2727 349 2788 inula
381 2727 463 2788 arida
491 2726 638 2805 Campana
670 2731 795 2785 contusa
828 2730 858 2783 et
890 2722 1019 2783 cribrata
1047 2740 1128 2784 men-

112 2835 183 2878 sura
207 2816 322 2877 denarii
344 2818 433 2877 unius
460 2834 495 2876 ex
519 2817 580 2875 vini
603 2816 713 2875 veteris
736 2813 821 2873 mixti
849 2812 962 2892 cyathis
987 2819 1128 2891 quattuor

111 2908 222 2966 ieiunis
245 2905 319 2966 data.

71 3009 98 3051 so
202 2993 286 3054 Potio
306 2993 342 3053 ad
361 2993 490 3054 lienosos
509 2995 565 3053 sic:
584 2990 694 3072 Baiani,
714 3009 773 3069 quo
788 2991 977 3069 unguentarii
992 2998 1127 3071 utuntur,
1147 3002 1163 3051 3

112 3083 252 3143 denarios
275 3081 359 3163 duos,
384 3084 518 3162 capparis
542 3080 652 3141 radicis
676 3078 742 3160 xi,
765 3078 892 3140 hederae
916 3082 1019 3158 nigrae
1043 3077 1128 3139 baca·

112 3190 181 3233 rum
200 3171 339 3231 denarios
358 3171 441 3251 duos,
460 3170 662 3250 periclymeni,
684 3186 772 3246 quam
792 3167 881 3228 silvae
901 3178 1025 3227 matrem
1044 3184 1129 3225 voca-

112 3278 189 3342 mus,
209 3258 235 3319 II
250 3258 279 3341 S,
299 3258 414 3338 galhani
433 3260 548 3321 denarii
563 3258 592 3336 S,
612 3256 743 3318 cardami
760 3259 847 3338 nigri,
866 3255 958 3315 idest
976 3256 1128 3335 nasturcii,

203 3400 220 3449 4
239 3394 353 3467 hacani]
377 3395 411 3462 cf.
436 3394 516 3451 Alex.
537 3394 624 3449 Trall.
649 3393 689 3448 cd.
712 3392 890 3446 Puschmauu
912 3390 964 3443 ool.
979 3388 1006 3440 Π
1020 3406 1051 3458 p.
1067 3394 1129 3443 394.

113 3467 248 3594 {lgm
270 3483 300 3521 rc
322 3465 498 3535 mcd.Il,1'l
523 3466 573 3535 (ed.
593 3464 659 3519 Ald.
676 3466 810 3533 p.179⁵).
920 3465 954 3513 25
978 3459 1046 3531 quo]
1073 3476 1130 3527 qua

1136 3813 1257 3985 s
