2609 4017
551 154 814 238 zeo—

145 350 179 399 22
200 338 320 415 proprie
344 344 374 396 et
397 338 484 398 unice
503 335 619 397 tollunt.
654 335 745 396 Pueri
763 336 885 396 investis
905 337 991 395 urina
1009 353 1116 396 recens
1137 338 1218 396 auri-

200 425 283 486 culae
312 425 424 486 dolenti
452 433 481 487 et
509 425 663 486 ulcerosae
691 424 830 486 instillata
859 425 940 485 omni
968 442 1072 486 umore
1102 426 1216 485 siccato

145 528 181 577 24
200 523 230 575 et
253 513 385 574 dolorem
409 514 485 575 tollit
508 522 539 574 et
556 513 658 574 ulcera
677 516 752 575 mira
771 512 923 574 celeritate
941 519 1090 592 persanat.
1127 513 1215 575 Lotio

199 603 328 664 humano
347 611 448 664 vetere
464 604 571 682 siquis
586 604 644 663 iam
664 604 854 683 desperatum
873 604 991 663 aurium
1010 604 1114 664 vitium
1134 602 1215 665 elue-

145 705 180 754 25
199 694 252 771 rit,
285 691 373 752 saluti
402 694 535 771 integrae
564 692 656 752 lenito
685 691 787 752 doloro
814 693 961 752 restituet.
1007 690 1060 752 Fel
1091 691 1239 753 ovilluma

198 779 295 840 mulso
318 782 444 842 mixtum
468 782 495 841 si
517 780 658 860 clysterio
681 780 830 841 addideris
854 788 885 841 et
907 780 976 841 inde
1000 780 1152 842 auriculas
1170 784 1213 842 in-

198 871 349 951 rigaveris,
372 871 545 950 expurgatis
570 869 722 930 ulceribus
747 871 944 930 certissimam
967 871 1125 930 sanitatem
1145 889 1214 930 con-

200 961 349 1040 sequerls;
381 959 460 1019 idem
488 958 528 1019 lel
556 977 625 1019 cum
652 958 729 1019 lacte
757 957 891 1019 mulieris
918 957 1094 1019 instillatum
1124 960 1214 1020 etiam

146 1060 181 1109 22
200 1055 304 1126 ruptas
326 1049 454 1108 interius
477 1047 626 1108 auriculas
649 1049 816 1108 certissime
840 1055 932 1108 sanat.
969 1046 1126 1109 Coriandri
1144 1051 1214 1108 viri·
1285 1105 1286 1136 ,

198 1136 244 1196 dis
272 1155 363 1197 sucus
393 1155 461 1198 cum
493 1135 569 1197 lacte
601 1135 741 1197 muliebri
768 1137 879 1196 mixtus
911 1137 1028 1197 inlusus
1060 1137 1213 1198 auriculae
1228 1153 1251 1191 ro
1285 1137 1286 1168 r

144 1238 178 1288 27
199 1225 332 1285 dolorem
356 1243 473 1286 omnem
497 1232 636 1304 potenter
659 1225 764 1286 aufert.
809 1224 940 1285 Cannabi
963 1227 1085 1286 seminis
1109 1226 1214 1286 viridis
1285 1297 1286 1306 ἦ

145 1327 180 1376 28
200 1332 291 1374 sucus
309 1322 415 1394 tepens
433 1313 593 1375 instillatus
612 1313 736 1375 auribus
751 1313 884 1374 dolorem
898 1315 995 1393 prime
1009 1313 1094 1375 tollit.
1122 1314 1213 1375 Sene
1285 1307 1286 1360 l

198 1404 293 1463 cionis
319 1403 430 1463 herbae
458 1421 549 1464 sucus
574 1403 678 1463 itidem
702 1402 824 1464 auribus
846 1404 979 1464 insertus
1003 1403 1127 1464 eandem
1151 1403 1212 1464 efli-
1285 1391 1286 1454 l

198 1493 311 1552 caciam
337 1498 481 1573 praestat,
510 1492 589 1571 quod
617 1492 653 1552 ab
682 1499 806 1571 experto
834 1493 979 1571 scriptum
1003 1500 1033 1552 et
1059 1492 1212 1572 proditum

145 1593 179 1643 29
200 1588 253 1642 est.
292 1580 324 1641 Sl
346 1581 480 1642 auricula
502 1581 602 1661 aliquo
621 1589 707 1660 pacto
726 1582 827 1641 vitiata
845 1580 945 1662 fuerit,
968 1583 1107 1641 anserina
1125 1582 1250 1660 adipem
1285 1601 1286 1634 ;

145 1683 180 1732 30
198 1670 298 1731 infusa
321 1671 480 1749 diligenter
502 1669 718 1750 expurgabitur
740 1671 919 1749 sanitatique
942 1669 1092 1731 reddetur.
1137 1671 1213 1730 Con·
1285 1687 1286 1728 ff

197 1761 306 1839 positio
329 1760 534 1820 medicaminis
556 1759 593 1820 ad
612 1760 711 1820 omnia
730 1758 792 1819 fere
812 1759 928 1820 aurium
948 1760 1018 1819 vitia
1037 1761 1094 1820 sic:
1116 1759 1213 1820 Mellis
1285 1793 1286 1848 q

198 1851 374 1930 sextarium,
397 1851 474 1909 aceti
496 1848 573 1908 bene
596 1850 674 1908 acris
698 1847 861 1928 heminam,
890 1848 1006 1909 radices
1031 1867 1107 1928 quae
1130 1867 1211 1908 man·
1285 1849 1286 1930 l

197 1937 346 1997 ducantur
374 1945 437 1998 tres
466 1939 567 1997 mittes
594 1939 626 1996 in
653 1935 741 1996 ollam
776 1937 880 1998 rudem
912 1936 989 1997 bene
1022 1937 1125 2017 lotam,
1159 1936 1211 1998 sed
1285 1985 1286 1994 ,

197 2026 353 2086 mundatas
380 2033 411 2086 et
438 2027 569 2104 integras
596 2025 712 2086 radices
736 2028 836 2087 mittes
860 2033 890 2086 et
913 2028 1025 2104 pariter
1048 2025 1212 2106 decoques;
1225 2042 1248 2081 ao

198 2113 250 2174 sed
274 2122 390 2175 utnon
413 2114 608 2192 refrigeretur
631 2114 825 2194 medicamen,
850 2116 940 2176 citato
964 2117 1033 2193 igne
1057 2133 1152 2194 usque
1176 2115 1211 2176 ad

197 2201 318 2262 modum
341 2202 396 2264 luti
419 2205 582 2282 aquatioris
607 2203 805 2286 decoquatur,
832 2203 939 2264 deinde
963 2223 1031 2265 cum
1054 2204 1210 2284 refrigera·

197 2300 262 2352 tum
290 2291 389 2371 fuerit,
418 2293 528 2352 condes
550 2291 624 2353 illud
647 2294 679 2353 in
703 2292 821 2354 vasculo
845 2294 939 2353 vitreo
963 2311 997 2354 ac
1021 2293 1209 2374 tepefactum,

197 2380 339 2460 quamdiu
367 2379 501 2441 dolorem
528 2388 558 2441 et
580 2382 721 2441 tinnitum
746 2381 792 2442 rel
815 2383 946 2443 sonitum
969 2382 1120 2444 auriculae
1143 2401 1209 2462 per·

144 2482 178 2530 31
197 2469 301 2545 leniat,
326 2471 359 2530 in
381 2488 484 2530 aurem
507 2471 543 2530 de
567 2469 689 2548 specillo
713 2471 860 2532 infundes.
905 2470 1064 2532 Infirmatis
1087 2471 1209 2532 auribus
1224 2485 1247 2526 aa

196 2559 321 2638 prodest
338 2561 498 2639 praecipue
517 2560 592 2638 picis
611 2559 675 2639 llos,
691 2577 781 2638 quem
794 2559 961 2639 pisselaeon
976 2559 1082 2621 Graeci
1096 2568 1209 2641 vocant,

197 2667 266 2710 cum
294 2648 359 2709 oleo
388 2649 540 2709 communi
566 2649 691 2728 mixtus,
723 2650 764 2709 ita
798 2658 832 2709 ut
858 2651 947 2710 tertia
979 2668 1049 2728 pars
1077 2651 1116 2710 sit
1144 2649 1210 2712 olei.

196 2736 271 2797 Nam
293 2746 324 2798 et
347 2737 481 2798 dolorem
499 2737 583 2798 sedat
602 2744 632 2796 et
650 2755 711 2796 non
729 2738 860 2816 patietur
881 2740 1127 2816 suppurationem
1146 2739 1209 2798 lieri

197 2834 228 2887 et
246 2828 272 2885 si
290 2826 366 2886 lacta
386 2827 486 2903 luerit,
507 2824 611 2885 eodem
631 2825 825 2886 medicamine
844 2836 1030 2905 personatur.
1066 2826 1110 2887 Ad
1130 2846 1208 2888 snm·

197 2931 275 2974 mam
298 2931 353 2992 ego
375 2916 441 2992 ipse
465 2913 516 2973 diu
539 2920 663 2973 rexatus
687 2915 767 2974 auris
791 2915 902 2993 taedio,
930 2934 1000 2976 cum
1022 2915 1125 2977 multis
1148 2917 1207 2977 lru·
1222 2930 1245 2971 eo

197 3011 258 3063 stra
286 3020 360 3062 usus
388 3019 486 3062 essem
512 3000 748 3077 medicamentis,
781 3002 817 3064 ab
849 3003 906 3064 boc
939 3022 1006 3065 sum
1033 3013 1208 3085 personatus

197 3098 228 3151 et
259 3090 331 3151 alios
360 3089 520 3170 conplures
552 3091 660 3150 sanavi.
705 3090 825 3152 Florem
852 3101 951 3154 autem
979 3096 1054 3172 picis
1085 3093 1207 3177 appello,

197 3181 250 3259 qui
284 3182 444 3261 excipitur,
476 3179 547 3240 dum
575 3197 609 3238 ea
641 3182 793 3262 coquitur,
826 3181 890 3242 lana
924 3185 1113 3263 superposita
1144 3185 1208 3244 eius

198 3271 312 3350 vapori3
335 3268 391 3329 boc
415 3270 504 3329 etiam
527 3286 646 3345 gravem
670 3269 792 3330 odorem
816 3270 853 3331 de
876 3289 947 3332 anre
965 3275 1105 3351 protinus
1123 3271 1207 3334 tollit.

268 3404 394 3460 emulso
413 3420 464 3459 om.
555 3409 587 3457 12
611 3403 714 3476 prime]
738 3405 864 3474 apprime
884 3403 1044 3463 Oorooriue.
1135 3407 1208 3461 seni·

197 3474 293 3529 cionio.
350 3479 382 3529 15
401 3475 539 3529 anserina.
594 3475 781 3546 estuantia.
835 3482 869 3531 26
884 3477 995 3546 spicilli.
1051 3477 1204 3534 infirmiter.

198 3551 231 3600 31
253 3563 314 3599 anm
332 3545 510 3616 personatus]
531 3562 615 3615 snper
633 3549 756 3602 sanatus.
