2609 4017
523 161 738 227 „55-

122 328 215 389 mixta
239 328 269 387 in
293 325 411 387 vasculo
435 328 531 387 vitreo
554 324 703 407 hahenda3
730 344 799 387 cum
826 343 949 387 necesse
973 327 1045 407 erit,
1067 345 1136 388 con·

123 415 311 495 spergendus
333 418 366 475 in
388 414 504 477 balineo
527 416 618 495 capiti
641 414 690 475 hic
713 414 811 494 pules
832 413 878 474 vel
895 414 1047 494 memhris,
1066 415 1137 475 dum

123 504 221 565 adhuc
245 506 323 565 sicca
347 512 428 585 sunt,
453 503 483 565 id
507 512 553 565 cst
576 511 734 583 antequam
758 503 874 583 sudent,
897 510 928 563 et
950 504 1137 582 perfricanda

123 594 302 674 diutissime,
325 600 519 672 posteaquam
542 592 694 673 pulverem
718 593 936 673 conspersum,
967 591 1074 653 dehinc
1098 591 1137 653 la·

93 683 252 744 orandum
276 690 365 761 caput
388 683 419 743 ln
442 682 540 743 calore
564 681 671 761 frigida
694 700 769 760 aqua
792 688 822 741 et
845 680 1076 764 observandum,
1099 700 1137 742 ne

122 774 154 832 in
178 771 303 832 calidam
326 778 415 850 caput
437 788 567 852 mergas,
595 772 626 831 in
649 770 788 849 frigidam
811 788 898 852 sane,
925 771 1065 849 quotiens
1088 789 1136 831 vc·

123 860 227 940 lucris,
255 878 354 938 merge
383 869 413 920 et
435 867 538 939 postea
561 859 670 921 sabano
695 858 852 938 diligenter
876 862 999 920 exsicca.
1046 858 1135 920 Con·
1157 870 1189 919 18

124 950 235 1009 lectio
270 950 344 1009 sive
376 948 572 1027 dispositio
605 948 806 1027 emplastri,
835 950 895 1009 cui
925 946 1137 1009 vocabulum

123 1045 179 1099 est
203 1038 412 1099 dictamnos.
459 1038 606 1098 Dictamni
628 1045 704 1115 part.
729 1035 820 1115 XXV,
843 1035 1034 1097 chamaemeli
1062 1044 1137 1116 part.

82 1141 110 1182 to
124 1126 216 1206 XIIII,
235 1125 367 1205 sphagnu
388 1135 462 1206 part.
482 1125 569 1207 VlIll,
592 1128 695 1206 cyperi
712 1134 786 1205 part
806 1124 866 1207 Vll,
884 1125 965 1205 poliu
984 1133 1058 1205 part.
1074 1124 1138 1207 XII,

122 1214 198 1277 lithu
233 1224 338 1294 gagatu
376 1224 455 1295 part.
477 1214 541 1296 VII,
576 1233 662 1275 cerae
695 1215 779 1275 ruiae
812 1221 887 1293 part.
916 1212 983 1295 XII,
1021 1216 1137 1275 resinae

121 1304 342 1366 terebinthinae
364 1312 439 1384 part.
459 1301 552 1385 XIIII,
580 1306 779 1365 ammoniacae
802 1311 903 1381 guttae
926 1310 1001 1383 part.
1021 1301 1136 1376 XXXV,

122 1392 282 1473 propoleos
310 1400 384 1471 part.
407 1392 473 1474 XII,
501 1392 646 1471 psimithii
673 1400 748 1471 part.
771 1392 842 1473 XII,
870 1391 1037 1453 chalcanthi
1060 1401 1135 1471 part.

122 1480 245 1563 XXIIII,
273 1482 390 1560 galbani
416 1490 491 1562 part.
515 1480 604 1563 XXV,
634 1481 853 1561 chamaepityos
880 1488 955 1560 part.
975 1480 1057 1561 VIII,
1085 1482 1137 1541 tri-

80 1584 108 1627 u
123 1570 185 1631 lolii
218 1581 292 1650 part.
320 1570 390 1652 IIII,
419 1570 571 1649 pentaiolii
598 1577 673 1649 part,
701 1570 769 1652 llll,
801 1569 986 1630 aristolociae
1016 1586 1137 1647 grossae

121 1667 198 1738 part.
217 1658 336 1741 XXXV,
368 1667 546 1721 centaureae
577 1667 629 1719 aut
659 1660 814 1737 gentianae
842 1666 918 1735 part.
937 1656 1005 1737 XII,
1035 1655 1136 1718 lithar-

121 1750 188 1828 gyri
211 1758 285 1828 part.
304 1748 365 1830 tt,
388 1750 503 1809 resinae
527 1747 691 1809 colofoniae
714 1755 789 1826 part.
813 1746 849 1826 L,
873 1763 925 1824 ges
948 1744 1135 1823 ampelitidos

120 1847 198 1917 part.
221 1836 302 1918 XXI,
331 1838 405 1915 picis
428 1836 561 1899 Bruttiae
584 1836 632 1897 ael
655 1838 765 1915 siccae,
793 1837 819 1895 si
847 1853 883 1913 ge
906 1833 1053 1913 ampelitis
1077 1852 1138 1894 non

120 1927 228 2007 fuerit,
261 1933 334 2005 part.
360 1925 426 2007 XII,
458 1925 572 2004 lepidos
601 1924 720 2005 chalcu,
752 1924 781 1984 id
810 1931 856 1985 est
884 1942 1024 2004 squamae
1056 1923 1137 2003 lerri,

79 2030 107 2069 so
121 2023 199 2095 part.
219 2014 325 2095 XVIII,
351 2014 510 2094 dehrygis
530 2022 606 2093 part.
630 2013 709 2094 VIII,
738 2013 818 2074 aloes
845 2022 920 2093 part,
940 2011 1018 2093 XVI,
1046 2011 1138 2073 libani

122 2103 325 2165 candidissimi
348 2111 423 2184 part.
443 2102 511 2183 XII,
534 2105 714 2182 opopanacis
737 2110 812 2182 part.
836 2101 900 2184 VII,
926 2101 1137 2181 chamaedryos

121 2200 198 2272 part.
223 2192 289 2272 XII,
321 2192 464 2253 marrubii
492 2199 566 2271 part.
591 2191 658 2267 XII,
690 2193 857 2253 artemisiae
890 2199 964 2271 part,
988 2190 1055 2271 llll,
1084 2192 1137 2250 iris

122 2280 257 2360 Illyricae
284 2290 358 2361 part
379 2280 441 2363 Vll,
468 2280 646 2342 libanotidos
669 2288 746 2360 part.
765 2280 814 2361 VI,
842 2279 901 2340 olei
928 2281 1037 2341 veteris
1060 2286 1136 2358 part

122 2367 250 2451 XLVIII,
268 2372 383 2431 resinae
403 2372 534 2449 pituinae
549 2378 623 2450 part.
638 2368 732 2451 XXII,
747 2369 852 2431 chalcu
867 2387 1048 2430 cccaumenu
1062 2375 1138 2449 part.

81 2474 108 2516 rs
123 2457 227 2539 XVIII,
246 2459 330 2521 millu
349 2466 424 2538 part.
438 2457 501 2541 XII,
521 2458 694 2520 chalcitidos
714 2466 789 2538 pant.
803 2458 839 2539 X,
859 2476 974 2537 myrrae
988 2465 1064 2535 part.
1078 2455 1137 2536 VII,

123 2550 165 2628 iu,
185 2547 215 2607 id
234 2556 280 2607 est
293 2549 452 2628 aeruginis,
471 2555 546 2627 part.
561 2548 583 2609 1.
618 2547 723 2609 Oleum
743 2556 837 2627 vetus,
857 2554 1000 2624 quantum
1018 2547 1138 2606 mitten·
1158 2554 1191 2603 19

124 2636 196 2697 dum
220 2637 311 2698 fucrit
333 2655 388 2717 pro
411 2636 498 2697 modo
522 2639 690 2716 specierum
713 2652 804 2713 supra
827 2636 1015 2713 scrIptarum,
1038 2634 1139 2693 mittes

123 2728 157 2785 in
180 2725 267 2785 ollam
291 2744 395 2787 novam
419 2735 448 2786 et
472 2724 626 2786 calefacies
649 2724 711 2784 leni
733 2723 850 2783 flamma
873 2721 919 2783 vel
937 2723 1037 2801 potius
1061 2723 1138 2801 igne,

124 2823 198 2875 tunc
217 2817 326 2894 mittes,
346 2813 398 2875 scd
417 2813 557 2893 paulatim
577 2814 613 2874 de
633 2831 723 2874 manu
741 2814 925 2893 inspergens,
944 2810 1139 2890 lithargyrum

82 2919 110 2959 ao
126 2902 203 2963 hene
218 2905 323 2965 tritum
340 2911 371 2963 et
384 2902 505 2963 adsidue
523 2901 705 2982 spathomela
720 2901 853 2983 agitabis,
868 2918 1025 2980 quousque
1040 2899 1138 2960 oleum

123 2991 198 3051 illud
221 2993 261 3053 ita
285 2992 443 3073 inficiatur,
467 2999 500 3053 ut
521 2991 651 3052 colorem
671 2991 826 3070 lithargpri
844 2990 942 3050 trahat
960 2998 990 3050 et
1009 2989 1138 3068 aliquan·

124 3079 221 3141 tulum
246 3083 414 3159 spissescat,
438 3089 541 3159 postea
559 3087 610 3141 aut
629 3083 726 3159 picem
744 3078 890 3140 Bruttiam
909 3082 1010 3140 tritam
1029 3080 1139 3156 mittes,

198 3256 213 3305 9
233 3250 401 3307 chamomili.
483 3256 516 3304 10
536 3253 646 3319 stegnu.
730 3256 761 3304 11
781 3248 860 3304 rufae
879 3266 930 3305 om.
1014 3254 1047 3301 12
1066 3252 1139 3301 tere-

126 3320 268 3377 bentinee.
341 3321 493 3378 ammonici
511 3324 600 3392 gutta.
677 3328 707 3375 13
727 3318 871 3389 psimithii.
933 3323 966 3373 18
985 3320 1069 3372 durae
1085 3333 1139 3387 pro

125 3391 262 3447 Bruttiae.
340 3412 398 3463 ges.
473 3399 505 3448 19
525 3408 650 3461 squama.
728 3397 763 3445 20
783 3391 912 3460 difryges.
985 3388 1138 3451 ,marturii

125 3470 160 3589 pp
188 3463 346 3535 spatomeli.
437 3470 470 3517 31
497 3463 526 3519 in
549 3464 613 3520 add.
641 3468 705 3519 anic
727 3462 942 3532 aliquantulum,
1033 3465 1066 3515 32
1089 3459 1140 3514 iri-

156 3553 185 3588 m
199 3551 250 3590 cm.

1153 3752 1237 3967 Γ
