2609 4017
562 165 802 230 -100-

173 339 287 392 coctam
312 330 359 390 rel
381 330 503 391 alteram
528 348 631 390 earum
654 347 723 389 cum
747 330 840 389 farina
864 326 1027 387 hordeacea
1051 303 1196 384 similiter

173 438 209 479 ex
233 438 308 498 aqua
332 418 427 480 mulsa
445 426 573 500 coctam3
597 427 716 497 oportet
739 420 827 478 etiam
852 424 935 476 extra
956 414 1092 476 adhiberi
1111 414 1194 474 slon-

172 511 235 587 gias
255 507 359 567 molles
383 526 418 568 ex
438 526 513 586 aqua
532 506 625 568 calida
644 506 720 567 bene
742 523 906 585 expressas,
930 503 1037 565 deiude
1055 502 1194 582 tepidum

173 596 317 657 instillare
340 596 558 675 amygdalinum
582 596 679 656 oleum
703 595 749 655 vel
772 595 921 657 laurinum
943 595 1062 671 saepius
1081 593 1113 651 in
1132 591 1192 651 die.

119 697 153 747 58
171 685 299 745 Prodest
325 684 401 745 bene
429 683 551 746 auribus
579 686 707 746 infirmis
735 683 906 745 huiusmodi
928 681 1218 742 medicamentumzs

172 773 287 852 Myrrae
313 772 339 833 X
362 774 388 854 l,
410 776 491 834 croci
518 772 544 833 X
567 773 593 854 l,
620 775 747 834 storacis
771 771 919 851 globulos,
946 789 1005 831 nou
1031 769 1192 849 ampliores

173 880 261 942 quam
284 863 365 922 cicer
388 871 446 943 est,
474 880 599 923 numero
622 861 717 942 XXX,
746 863 858 940 piperis
882 860 961 938 longi
986 877 1076 938 grana
1101 857 1192 936 XXX,

173 969 267 1012 nuces
295 969 410 1012 amaras
437 969 562 1012 numero
591 949 681 1011 XXX.
735 950 807 1011 Cum
836 959 920 1010 aceto
948 949 1020 1009 haec
1048 955 1192 1008 teruntur

173 1048 234 1100 tarn
255 1040 316 1119 diu,
339 1039 433 1100 donec
452 1039 579 1100 habeant
603 1040 826 1118 spissitudinem
849 1040 943 1117 passi,
967 1045 1055 1115 atque
1079 1038 1119 1097 ita
1144 1053 1187 1095 re-

174 1137 329 1207 ponuntur
347 1131 378 1188 io
397 1129 504 1208 pyxide
524 1147 631 1208 cyprea
650 1130 751 1188 autin
770 1127 878 1188 doliolo
898 1130 1096 1206 vitreo;·cum
1115 1143 1192 1203 opus
1207 1144 1232 1183 1o

173 1217 276 1295 luerit,
306 1217 555 1278 medicamentum
583 1236 650 1277 rosa
679 1218 807 1277 admixta
836 1216 1027 1294 liquefactum
1055 1214 1190 1294 tepidum

121 1317 155 1367 ot
175 1306 235 1385 liet,
259 1305 338 1384 quod
362 1309 393 1366 in
416 1306 481 1366 lana
504 1306 608 1367 sucida
631 1307 754 1366 auribus
777 1305 978 1366 instillabitur.
1023 1302 1115 1363 Nardi
1139 1303 1192 1381 Sy-

174 1395 249 1454 riaci
272 1392 298 1453 X
320 1393 371 1473 Vl,
399 1396 536 1455 afronitri
560 1394 584 1454 X
608 1394 659 1474 Vl,
687 1413 806 1456 murrae
829 1393 855 1453 X
877 1393 946 1473 1111,
974 1395 1086 1473 piperis
1110 1391 1193 1470 longi

175 1491 205 1542 et
224 1485 301 1543 turis
320 1481 346 1542 X
365 1482 426 1563 llll,
449 1483 544 1543 mellis
562 1482 653 1543 Attici
672 1483 698 1543 X
716 1482 779 1564 llll,
798 1482 904 1563 balani3
923 1500 981 1562 qna
1001 1482 1193 1560 unguentarii

174 1579 310 1652 utuntur,
332 1573 364 1631 iu
383 1571 483 1650 pilulis
505 1570 608 1651 XVII,
631 1571 714 1632 labae
737 1572 932 1652 Aegyptiacae
951 1573 1095 1630 interiora
1113 1588 1191 1649 quae
1207 1586 1231 1626 ra

174 1672 246 1721 sunt
269 1679 367 1722 amara
386 1660 412 1721 X
431 1661 494 1742 Vll,
522 1661 681 1740 diligenter
704 1669 734 1721 et
758 1679 892 1721 seorsum
916 1662 987 1720 trita
1006 1660 1090 1738 prius
1107 1658 1192 1736 baec,

176 1758 279 1828 postea
301 1753 448 1828 permixta
471 1768 539 1810 cnm
563 1758 646 1810 aceto
671 1749 837 1826 levigantur
865 1758 896 1808 et
924 1766 991 1810 cum
1016 1767 1065 1808 res
1088 1757 1191 1826 postu-

175 1838 291 1917 laverit,
319 1840 435 1899 rosacei
457 1838 515 1898 olei
539 1839 618 1916 quod
642 1841 714 1898 satis
738 1842 777 1899 sit
800 1837 1013 1898 admiscebitur
1036 1846 1125 1914 atque
1150 1838 1191 1896 ita

176 1934 281 2004 tepens
304 1926 497 1987 instillabitur
515 1926 572 1986 boc
591 1926 851 2006 medicamentum,
873 1926 952 2005 quod
972 1927 1110 2005 protinus
1130 1943 1190 1986 om-

123 2026 157 2076 60
176 2031 230 2074 nes
248 2017 364 2074 aurium
384 2013 500 2074 sedabit
518 2014 645 2076 dolores.
678 2001 757 2076 llaec
775 2034 893 2095 quoque
908 2017 1074 2093 conpositio
1089 2017 1189 2075 statim
1204 2031 1229 2070 so

78 2152 81 2157 .
176 2101 294 2162 dolores
317 2104 434 2163 aurium
458 2103 555 2164 sedat:
586 2102 762 2165 Centauriae
787 2123 872 2182 suco,
900 2106 926 2164 si
954 2121 1013 2164 non
1037 2103 1191 2163 sordidum

176 2189 263 2250 ulcus
291 2191 393 2272 fuerit,
422 2210 459 2251 ex
486 2210 561 2270 aqna
589 2194 634 2252 uti
658 2192 820 2271 oportebit3
850 2211 917 2253 cum
942 2201 1041 2253 autem
1063 2192 1190 2253 multum

124 2290 156 2341 61
176 2281 261 2358 puris
284 2281 356 2358 erit,
378 2282 480 2341 vinum
503 2281 725 2342 admiscebitur.
772 2281 867 2360 Supra
894 2283 1064 2360 opinionem
1087 2281 1190 2341 efficax

178 2367 301 2428 auribus
319 2368 376 2429 boc
397 2368 660 2432 medicamentum:
683 2369 810 2448 Murrae,
835 2373 923 2448 croci,
947 2372 1016 2450 opii,
1036 2370 1122 2429 nardi
1141 2369 1190 2449 Sy·

177 2458 263 2536 riaci,
291 2460 369 2518 turis
392 2459 526 2539 corticis,
556 2459 626 2519 mali
648 2458 755 2520 Punici
778 2459 866 2538 aridi,
890 2459 972 2519 fabae
997 2459 1191 2538 Aegyptiacae
1206 2475 1232 2516 aa

178 2563 254 2625 quae
278 2554 349 2607 suut
371 2549 523 2628 interiora,
546 2566 658 2608 nucum
679 2566 845 2608 amararum
864 2547 976 2628 itidem,
1000 2547 1096 2607 mellis
1116 2547 1193 2626 boni,

178 2634 363 2713 singulorum
396 2635 423 2695 X
450 2635 516 2718 1111,
548 2639 677 2697 castorei
705 2635 731 2696 X
758 2636 797 2716 ll,
830 2638 968 2696 aluminis
1001 2637 1065 2696 lissi
1092 2635 1118 2695 X
1148 2634 1193 2715 lll,

178 2724 292 2802 piperis
314 2723 394 2803 longi
417 2723 443 2783 X
467 2725 493 2806 13
521 2728 618 2785 omnia
643 2727 726 2802 prius
751 2743 885 2786 seorsum
910 2724 1068 2804 diligenter
1092 2734 1192 2785 terun-

178 2819 244 2891 tur,
272 2819 376 2890 postea
403 2830 471 2873 cum
495 2821 579 2873 aceto
602 2817 748 2874 acerrimo
774 2817 862 2874 mixta
885 2823 1025 2875 teruntur
1047 2823 1107 2874 tam
1134 2813 1193 2891 diu,

180 2899 274 2959 donec
288 2899 416 2960 babeant
430 2901 653 2979 spissitudinem
668 2904 762 2983 passi3
779 2921 847 2963 cum
862 2920 937 2982 opus
951 2903 1050 2982 fuerit,
1065 2902 1190 2962 medica·
1204 2919 1231 2958 so

178 2995 313 3048 mentum
329 2987 492 3049 instillatur
511 2989 658 3070 tepidnm3
677 2989 756 3050 idem
771 2991 840 3051 lacit
860 2993 977 3070 egregie
996 3001 1026 3051 et
1041 2991 1077 3051 ad
1093 2991 1191 3052 ulcera
1264 3039 1266 3048 ,
1293 2999 1294 3028 ³

128 3077 297 3138 staurium
321 3076 449 3136 sananda
473 3085 561 3156 atque
584 3079 746 3156 purganda.
792 3079 858 3160 His,
887 3082 939 3158 qui
965 3079 1049 3140 surdi
1072 3087 1142 3140 sunt
1165 3089 1194 3139 et

181 3181 309 3242 quaerum
331 3183 419 3225 aures
443 3174 558 3248 sonant,
581 3185 672 3228 sucus
691 3187 764 3228 uvae
783 3170 948 3229 inmaturae
970 3176 1000 3228 et
1019 3186 1104 3228 rosae
1123 3186 1193 3247 pon-

181 3254 253 3313 dere
280 3255 346 3333 pari
373 3253 520 3315 admixtus
548 3256 710 3336 tepidaque
737 3257 855 3318 inlusus
879 3257 1039 3336 plurimum
1063 3257 1192 3335 prodest.

254 3394 268 3441 1
288 3389 432 3444 ordeaceu.
531 3397 547 3445 3
567 3408 602 3446 ex
619 3408 681 3462 epo:
700 3394 736 3446 et.
817 3399 834 3446 t
858 3391 1062 3462 amigdaliuum
1085 3393 1192 3462 (saepe).

182 3465 215 3513 21
235 3461 412 3515 centauricae
431 3479 537 3516 sucum.
624 3463 648 3516 si
666 3479 723 3518 uon
741 3479 790 3518 om.
878 3470 912 3518 24
928 3469 991 3532 post
1009 3463 1192 3518 medicamen-

181 3533 243 3585 tum
261 3533 325 3587 aad.
344 3531 482 3601 reperitur
501 3533 662 3589 (lenterius.
735 3539 769 3588 32
788 3536 818 3588 ab
835 3549 885 3589 om,
