<?xml version="1.0" encoding="UTF-8"?>
<!DOCTYPE html PUBLIC "-//W3C//DTD XHTML 1.0 Transitional//EN"
    "http://www.w3.org/TR/xhtml1/DTD/xhtml1-transitional.dtd">
<html xmlns="http://www.w3.org/1999/xhtml" xml:lang="en" lang="en">
 <head>
  <title>
</title>
<meta http-equiv="Content-Type" content="text/html;charset=utf-8" />
  <meta name='ocr-system' content='tesseract 3.04.00' />
  <meta name='ocr-capabilities' content='ocr_page ocr_carea ocr_par ocr_line ocrx_word'/>
</head>
<body>
  <div class='ocr_page' id='page_1' title='image "./marcellidemedic03helmgoog_0245.png"; bbox 0 0 2609 4017; ppageno 0'>
   <div class='ocr_carea' id='block_1_1' title="bbox 501 200 743 264">
    <p class='ocr_par' dir='ltr' id='par_1_1' title="bbox 501 200 743 264">
     <span class='ocr_line' id='line_1_1' title="bbox 501 200 743 264; baseline 0.004 -1"><span class='ocrx_word' id='word_1_1' title='bbox 501 200 743 264; x_wconf 82' lang='lat'><strong>-233-</strong></span> 
     </span>
    </p>
   </div>
   <div class='ocr_carea' id='block_1_2' title="bbox 35 361 1185 3634">
    <p class='ocr_par' dir='ltr' id='par_1_2' title="bbox 104 361 1162 710">
     <span class='ocr_line' id='line_1_2' title="bbox 104 361 1125 442; baseline -0.002 -19"><span class='ocrx_word' id='word_1_2' title='bbox 104 362 272 442; x_wconf 85' lang='lat' dir='ltr'>liquefacta</span> <span class='ocrx_word' id='word_1_3' title='bbox 291 370 320 423; x_wconf 90' lang='lat' dir='ltr'>ct</span> <span class='ocrx_word' id='word_1_4' title='bbox 339 380 406 423; x_wconf 90' lang='lat' dir='ltr'>rosa</span> <span class='ocrx_word' id='word_1_5' title='bbox 426 362 553 423; x_wconf 91' lang='lat' dir='ltr'>adicitur</span> <span class='ocrx_word' id='word_1_6' title='bbox 572 380 606 423; x_wconf 92' lang='lat' dir='ltr'>ac</span> <span class='ocrx_word' id='word_1_7' title='bbox 625 364 710 441; x_wconf 89' lang='lat' dir='ltr'>prius</span> <span class='ocrx_word' id='word_1_8' title='bbox 724 364 866 423; x_wconf 89' lang='lat' dir='ltr'>mortario</span> <span class='ocrx_word' id='word_1_9' title='bbox 881 361 957 423; x_wconf 90' lang='lat' dir='ltr'>hene</span> <span class='ocrx_word' id='word_1_10' title='bbox 971 370 1002 422; x_wconf 93' lang='lat' dir='ltr'>et</span> <span class='ocrx_word' id='word_1_11' title='bbox 1015 361 1125 441; x_wconf 79' lang='lat' dir='ltr'><strong>pistillo</strong></span> 
     </span>
     <span class='ocr_line' id='line_1_3' title="bbox 105 450 1126 530; baseline -0.002 -17"><span class='ocrx_word' id='word_1_12' title='bbox 105 455 271 513; x_wconf 82' lang='lat' dir='ltr'>commixta</span> <span class='ocrx_word' id='word_1_13' title='bbox 299 469 389 512; x_wconf 89' lang='lat' dir='ltr'>mauu</span> <span class='ocrx_word' id='word_1_14' title='bbox 412 458 539 530; x_wconf 89' lang='lat' dir='ltr'>utraque</span> <span class='ocrx_word' id='word_1_15' title='bbox 563 451 752 530; x_wconf 90' lang='lat' dir='ltr'>subiguntur.</span> <span class='ocrx_word' id='word_1_16' title='bbox 797 450 882 511; x_wconf 82' lang='lat' dir='ltr'>Facit</span> <span class='ocrx_word' id='word_1_17' title='bbox 903 451 960 512; x_wconf 92' lang='lat' dir='ltr'>hoc</span> <span class='ocrx_word' id='word_1_18' title='bbox 983 451 1126 530; x_wconf 83' lang='lat' dir='ltr'>malagma</span> 
     </span>
     <span class='ocr_line' id='line_1_4' title="bbox 105 540 1125 620; baseline -0.002 -18"><span class='ocrx_word' id='word_1_19' title='bbox 105 550 140 602; x_wconf 88' lang='lat' dir='ltr'>et</span> <span class='ocrx_word' id='word_1_20' title='bbox 168 541 206 602; x_wconf 93' lang='lat' dir='ltr'>ad</span> <span class='ocrx_word' id='word_1_21' title='bbox 235 540 338 601; x_wconf 86' lang='lat' dir='ltr'>lurum</span> <span class='ocrx_word' id='word_1_22' title='bbox 365 546 395 601; x_wconf 92' lang='lat' dir='ltr'>et</span> <span class='ocrx_word' id='word_1_23' title='bbox 423 540 459 601; x_wconf 89' lang='lat' dir='ltr'>ad</span> <span class='ocrx_word' id='word_1_24' title='bbox 488 542 593 620; x_wconf 87' lang='lat' dir='ltr'>capitis</span> <span class='ocrx_word' id='word_1_25' title='bbox 621 540 754 602; x_wconf 89' lang='lat' dir='ltr'>dolorem</span> <span class='ocrx_word' id='word_1_26' title='bbox 779 540 872 600; x_wconf 88' lang='lat' dir='ltr'>ircnti</span> <span class='ocrx_word' id='word_1_27' title='bbox 894 543 1125 619; x_wconf 87' lang='lat' dir='ltr'>superpositum.</span> 
     </span>
     <span class='ocr_line' id='line_1_5' title="bbox 201 628 1162 710; baseline 0 -21"><span class='ocrx_word' id='word_1_28' title='bbox 201 629 343 707; x_wconf 81' lang='lat' dir='ltr'>Malagma</span> <span class='ocrx_word' id='word_1_29' title='bbox 367 629 403 689; x_wconf 89' lang='lat' dir='ltr'>ad</span> <span class='ocrx_word' id='word_1_30' title='bbox 426 628 556 689; x_wconf 85' lang='lat' dir='ltr'>lienosos</span> <span class='ocrx_word' id='word_1_31' title='bbox 579 631 635 689; x_wconf 91' lang='lat' dir='ltr'>sic:</span> <span class='ocrx_word' id='word_1_32' title='bbox 662 628 844 710; x_wconf 85' lang='lat' dir='ltr'>Myrobalani</span> <span class='ocrx_word' id='word_1_33' title='bbox 866 629 897 690; x_wconf 93' lang='lat' dir='ltr'>P.</span> <span class='ocrx_word' id='word_1_34' title='bbox 916 629 938 709; x_wconf 86' lang='lat' dir='ltr'>l,</span> <span class='ocrx_word' id='word_1_35' title='bbox 961 629 1126 708; x_wconf 89' lang='lat' dir='ltr'>aphronitri</span> <span class='ocrx_word' id='word_1_36' title='bbox 1145 640 1162 688; x_wconf 89' lang='lat'>8</span> 
     </span>
    </p>

    <p class='ocr_par' dir='ltr' id='par_1_3' title="bbox 77 716 1128 1153">
     <span class='ocr_line' id='line_1_6' title="bbox 77 716 1126 801; baseline 0 -25"><span class='ocrx_word' id='word_1_37' title='bbox 77 718 136 778; x_wconf 83' lang='lat' dir='ltr'>sX</span> <span class='ocrx_word' id='word_1_38' title='bbox 157 716 251 801; x_wconf 94' lang='lat' dir='ltr'>XXX,</span> <span class='ocrx_word' id='word_1_39' title='bbox 274 720 410 797; x_wconf 90' lang='lat' dir='ltr'>capparis</span> <span class='ocrx_word' id='word_1_40' title='bbox 431 718 540 779; x_wconf 79' lang='lat' dir='ltr'>radicis</span> <span class='ocrx_word' id='word_1_41' title='bbox 559 716 584 777; x_wconf 98' lang='lat' dir='ltr'>X</span> <span class='ocrx_word' id='word_1_42' title='bbox 604 716 692 800; x_wconf 90' lang='lat' dir='ltr'>XXV,</span> <span class='ocrx_word' id='word_1_43' title='bbox 716 717 896 779; x_wconf 91' lang='lat' dir='ltr'>cardamomi</span> <span class='ocrx_word' id='word_1_44' title='bbox 914 718 940 779; x_wconf 93' lang='lat' dir='ltr'>X</span> <span class='ocrx_word' id='word_1_45' title='bbox 958 717 1044 799; x_wconf 88' lang='lat' dir='ltr'>XXV,</span> <span class='ocrx_word' id='word_1_46' title='bbox 1068 736 1126 777; x_wconf 89' lang='lat' dir='ltr'>am-</span> 
     </span>
     <span class='ocr_line' id='line_1_7' title="bbox 107 804 1127 888; baseline -0.001 -20"><span class='ocrx_word' id='word_1_47' title='bbox 107 810 242 868; x_wconf 83' lang='lat' dir='ltr'>moniaci</span> <span class='ocrx_word' id='word_1_48' title='bbox 265 814 365 886; x_wconf 87' lang='lat' dir='ltr'>guttae</span> <span class='ocrx_word' id='word_1_49' title='bbox 388 804 524 888; x_wconf 94' lang='lat' dir='ltr'>XXXX,</span> <span class='ocrx_word' id='word_1_50' title='bbox 547 825 632 867; x_wconf 87' lang='lat' dir='ltr'>cerae</span> <span class='ocrx_word' id='word_1_51' title='bbox 651 806 683 867; x_wconf 91' lang='lat' dir='ltr'>P.</span> <span class='ocrx_word' id='word_1_52' title='bbox 702 806 724 887; x_wconf 88' lang='lat' dir='ltr'>l,</span> <span class='ocrx_word' id='word_1_53' title='bbox 747 808 817 867; x_wconf 88' lang='lat' dir='ltr'>irini</span> <span class='ocrx_word' id='word_1_54' title='bbox 847 806 905 867; x_wconf 90' lang='lat' dir='ltr'>olei</span> <span class='ocrx_word' id='word_1_55' title='bbox 928 806 958 869; x_wconf 93' lang='lat' dir='ltr'>P.</span> <span class='ocrx_word' id='word_1_56' title='bbox 984 806 1014 867; x_wconf 88' lang='lat' dir='ltr'>S.</span> <span class='ocrx_word' id='word_1_57' title='bbox 1052 806 1127 868; x_wconf 90' lang='lat' dir='ltr'>Cera</span> 
     </span>
     <span class='ocr_line' id='line_1_8' title="bbox 107 895 1128 977; baseline -0.001 -21"><span class='ocrx_word' id='word_1_58' title='bbox 107 898 192 957; x_wconf 90' lang='lat' dir='ltr'>irino</span> <span class='ocrx_word' id='word_1_59' title='bbox 216 895 353 977; x_wconf 83' lang='lat' dir='ltr'>solvitur,</span> <span class='ocrx_word' id='word_1_60' title='bbox 382 895 491 975; x_wconf 88' lang='lat' dir='ltr'>quihus</span> <span class='ocrx_word' id='word_1_61' title='bbox 519 898 735 957; x_wconf 88' lang='lat' dir='ltr'>ammoniacum</span> <span class='ocrx_word' id='word_1_62' title='bbox 764 903 847 956; x_wconf 91' lang='lat' dir='ltr'>aceto</span> <span class='ocrx_word' id='word_1_63' title='bbox 873 895 1000 956; x_wconf 92' lang='lat' dir='ltr'>dilutum</span> <span class='ocrx_word' id='word_1_64' title='bbox 1023 898 1128 957; x_wconf 91' lang='lat' dir='ltr'>misce·</span> 
     </span>
     <span class='ocr_line' id='line_1_9' title="bbox 112 983 1128 1065; baseline -0.001 -20"><span class='ocrx_word' id='word_1_65' title='bbox 112 992 173 1065; x_wconf 85' lang='lat' dir='ltr'>tur,</span> <span class='ocrx_word' id='word_1_66' title='bbox 192 991 295 1063; x_wconf 88' lang='lat' dir='ltr'>postca</span> <span class='ocrx_word' id='word_1_67' title='bbox 314 984 395 1046; x_wconf 89' lang='lat' dir='ltr'>arida</span> <span class='ocrx_word' id='word_1_68' title='bbox 415 1003 490 1064; x_wconf 89' lang='lat' dir='ltr'>quac</span> <span class='ocrx_word' id='word_1_69' title='bbox 510 994 581 1046; x_wconf 89' lang='lat' dir='ltr'>sunt</span> <span class='ocrx_word' id='word_1_70' title='bbox 599 983 728 1045; x_wconf 89' lang='lat' dir='ltr'>cribrata</span> <span class='ocrx_word' id='word_1_71' title='bbox 748 983 950 1045; x_wconf 89' lang='lat' dir='ltr'>admiscentur</span> <span class='ocrx_word' id='word_1_72' title='bbox 969 993 998 1044; x_wconf 90' lang='lat' dir='ltr'>ct</span> <span class='ocrx_word' id='word_1_73' title='bbox 1017 986 1060 1045; x_wconf 92' lang='lat' dir='ltr'>sic</span> <span class='ocrx_word' id='word_1_74' title='bbox 1077 983 1128 1045; x_wconf 91' lang='lat' dir='ltr'>diu</span> 
     </span>
     <span class='ocr_line' id='line_1_10' title="bbox 109 1071 1086 1153; baseline 0.001 -20"><span class='ocrx_word' id='word_1_75' title='bbox 109 1076 143 1133; x_wconf 91' lang='lat' dir='ltr'>in</span> <span class='ocrx_word' id='word_1_76' title='bbox 169 1076 310 1135; x_wconf 89' lang='lat' dir='ltr'>mortario</span> <span class='ocrx_word' id='word_1_77' title='bbox 333 1080 482 1153; x_wconf 91' lang='lat' dir='ltr'>teruntur,</span> <span class='ocrx_word' id='word_1_78' title='bbox 506 1073 613 1134; x_wconf 89' lang='lat' dir='ltr'>deinde</span> <span class='ocrx_word' id='word_1_79' title='bbox 637 1072 774 1134; x_wconf 88' lang='lat' dir='ltr'>manibus</span> <span class='ocrx_word' id='word_1_80' title='bbox 797 1071 874 1133; x_wconf 87' lang='lat' dir='ltr'>hene</span> <span class='ocrx_word' id='word_1_81' title='bbox 897 1072 1086 1151; x_wconf 87' lang='lat' dir='ltr'>subiguntur.</span> 
     </span>
    </p>

    <p class='ocr_par' dir='ltr' id='par_1_4' title="bbox 66 1160 1162 1599">
     <span class='ocr_line' id='line_1_11' title="bbox 66 1160 1162 1242; baseline 0.003 -24"><span class='ocrx_word' id='word_1_82' title='bbox 66 1180 95 1219; x_wconf 89' lang='lat'>10</span> <span class='ocrx_word' id='word_1_83' title='bbox 204 1161 452 1223; x_wconf 82' lang='lat' dir='ltr'>Medicamentum</span> <span class='ocrx_word' id='word_1_84' title='bbox 468 1160 546 1222; x_wconf 93' lang='lat' dir='ltr'>lunii</span> <span class='ocrx_word' id='word_1_85' title='bbox 561 1162 668 1242; x_wconf 85' lang='lat' dir='ltr'>Crispi,</span> <span class='ocrx_word' id='word_1_86' title='bbox 687 1162 766 1242; x_wconf 87' lang='lat' dir='ltr'>quod</span> <span class='ocrx_word' id='word_1_87' title='bbox 786 1162 950 1241; x_wconf 88' lang='lat' dir='ltr'>appellatur</span> <span class='ocrx_word' id='word_1_88' title='bbox 968 1162 1128 1242; x_wconf 76' lang='lat' dir='ltr'>ambrosia,</span> <span class='ocrx_word' id='word_1_89' title='bbox 1146 1172 1162 1221; x_wconf 84' lang='lat'>9</span> 
     </span>
     <span class='ocr_line' id='line_1_12' title="bbox 111 1250 1127 1331; baseline 0 -21"><span class='ocrx_word' id='word_1_90' title='bbox 111 1252 172 1311; x_wconf 91' lang='lat' dir='ltr'>hoc</span> <span class='ocrx_word' id='word_1_91' title='bbox 201 1269 237 1311; x_wconf 85' lang='lat' dir='ltr'>ex</span> <span class='ocrx_word' id='word_1_92' title='bbox 264 1250 361 1311; x_wconf 89' lang='lat' dir='ltr'>mulso</span> <span class='ocrx_word' id='word_1_93' title='bbox 390 1250 492 1311; x_wconf 91' lang='lat' dir='ltr'>datum</span> <span class='ocrx_word' id='word_1_94' title='bbox 520 1250 643 1311; x_wconf 89' lang='lat' dir='ltr'>lienosis</span> <span class='ocrx_word' id='word_1_95' title='bbox 670 1254 864 1329; x_wconf 91' lang='lat' dir='ltr'>praecipuum</span> <span class='ocrx_word' id='word_1_96' title='bbox 892 1257 1024 1331; x_wconf 80' lang='lat' dir='ltr'>praestat</span> <span class='ocrx_word' id='word_1_97' title='bbox 1046 1252 1127 1311; x_wconf 84' lang='lat' dir='ltr'>auxi-</span> 
     </span>
     <span class='ocr_line' id='line_1_13' title="bbox 112 1339 1130 1421; baseline 0.001 -22"><span class='ocrx_word' id='word_1_98' title='bbox 112 1339 204 1421; x_wconf 82' lang='lat' dir='ltr'>lium3</span> <span class='ocrx_word' id='word_1_99' title='bbox 227 1340 363 1418; x_wconf 88' lang='lat' dir='ltr'>pthisicis</span> <span class='ocrx_word' id='word_1_100' title='bbox 388 1358 506 1418; x_wconf 85' lang='lat' dir='ltr'>quoque</span> <span class='ocrx_word' id='word_1_101' title='bbox 530 1339 639 1421; x_wconf 88' lang='lat' dir='ltr'>ethis,</span> <span class='ocrx_word' id='word_1_102' title='bbox 664 1343 716 1419; x_wconf 90' lang='lat' dir='ltr'>qui</span> <span class='ocrx_word' id='word_1_103' title='bbox 739 1339 900 1401; x_wconf 79' lang='lat' dir='ltr'>difficulter</span> <span class='ocrx_word' id='word_1_104' title='bbox 921 1358 958 1401; x_wconf 84' lang='lat' dir='ltr'>ex</span> <span class='ocrx_word' id='word_1_105' title='bbox 976 1339 1130 1401; x_wconf 50' lang='lat' dir='ltr'>imbecilli-¹</span> 
     </span>
     <span class='ocr_line' id='line_1_14' title="bbox 113 1428 1129 1509; baseline 0.001 -21"><span class='ocrx_word' id='word_1_106' title='bbox 113 1437 177 1489; x_wconf 90' lang='lat' dir='ltr'>tate</span> <span class='ocrx_word' id='word_1_107' title='bbox 200 1428 287 1507; x_wconf 87' lang='lat' dir='ltr'>longa</span> <span class='ocrx_word' id='word_1_108' title='bbox 310 1428 487 1488; x_wconf 85' lang='lat' dir='ltr'>reficiuntur</span> <span class='ocrx_word' id='word_1_109' title='bbox 510 1436 540 1489; x_wconf 88' lang='lat' dir='ltr'>et</span> <span class='ocrx_word' id='word_1_110' title='bbox 564 1430 616 1508; x_wconf 90' lang='lat' dir='ltr'>qui</span> <span class='ocrx_word' id='word_1_111' title='bbox 639 1428 709 1489; x_wconf 88' lang='lat' dir='ltr'>mali</span> <span class='ocrx_word' id='word_1_112' title='bbox 728 1437 798 1490; x_wconf 90' lang='lat' dir='ltr'>sunt</span> <span class='ocrx_word' id='word_1_113' title='bbox 817 1429 935 1509; x_wconf 89' lang='lat' dir='ltr'>coloris,</span> <span class='ocrx_word' id='word_1_114' title='bbox 957 1447 1075 1489; x_wconf 91' lang='lat' dir='ltr'>necnon</span> <span class='ocrx_word' id='word_1_115' title='bbox 1093 1428 1129 1489; x_wconf 90' lang='lat' dir='ltr'>ad</span> 
     </span>
     <span class='ocr_line' id='line_1_15' title="bbox 115 1516 1131 1599; baseline 0 -22"><span class='ocrx_word' id='word_1_116' title='bbox 115 1517 173 1577; x_wconf 89' lang='lat' dir='ltr'>alia</span> <span class='ocrx_word' id='word_1_117' title='bbox 196 1516 287 1577; x_wconf 89' lang='lat' dir='ltr'>multa</span> <span class='ocrx_word' id='word_1_118' title='bbox 312 1519 381 1577; x_wconf 82' lang='lat' dir='ltr'>vitia</span> <span class='ocrx_word' id='word_1_119' title='bbox 406 1518 477 1578; x_wconf 90' lang='lat' dir='ltr'>satis</span> <span class='ocrx_word' id='word_1_120' title='bbox 501 1517 574 1578; x_wconf 93' lang='lat' dir='ltr'>utile</span> <span class='ocrx_word' id='word_1_121' title='bbox 597 1526 651 1599; x_wconf 90' lang='lat' dir='ltr'>est,</span> <span class='ocrx_word' id='word_1_122' title='bbox 675 1520 782 1596; x_wconf 88' lang='lat' dir='ltr'>recipit</span> <span class='ocrx_word' id='word_1_123' title='bbox 805 1518 892 1578; x_wconf 89' lang='lat' dir='ltr'>haec:</span> <span class='ocrx_word' id='word_1_124' title='bbox 916 1517 1003 1578; x_wconf 83' lang='lat' dir='ltr'>Croci</span> <span class='ocrx_word' id='word_1_125' title='bbox 1025 1519 1131 1595; x_wconf 92' lang='lat' dir='ltr'>optimi</span> 
     </span>
    </p>

    <p class='ocr_par' dir='ltr' id='par_1_5' title="bbox 71 1604 1131 2020">
     <span class='ocr_line' id='line_1_16' title="bbox 71 1604 1130 1687; baseline 0.002 -25"><span class='ocrx_word' id='word_1_126' title='bbox 71 1604 141 1665; x_wconf 83' lang='lat' dir='ltr'>1sX</span> <span class='ocrx_word' id='word_1_127' title='bbox 161 1604 201 1677; x_wconf 92' lang='lat'>11,</span> <span class='ocrx_word' id='word_1_128' title='bbox 227 1608 365 1687; x_wconf 87' lang='lat' dir='ltr'>cinnami,</span> <span class='ocrx_word' id='word_1_129' title='bbox 389 1605 483 1686; x_wconf 89' lang='lat' dir='ltr'>nardi,</span> <span class='ocrx_word' id='word_1_130' title='bbox 507 1608 591 1685; x_wconf 90' lang='lat' dir='ltr'>costi,</span> <span class='ocrx_word' id='word_1_131' title='bbox 615 1608 721 1686; x_wconf 89' lang='lat' dir='ltr'>casiae,</span> <span class='ocrx_word' id='word_1_132' title='bbox 744 1624 870 1687; x_wconf 91' lang='lat' dir='ltr'>myrrae,</span> <span class='ocrx_word' id='word_1_133' title='bbox 894 1606 1016 1666; x_wconf 83' lang='lat' dir='ltr'>schoeni</span> <span class='ocrx_word' id='word_1_134' title='bbox 1038 1606 1130 1685; x_wconf 86' lang='lat' dir='ltr'>floris,</span> 
     </span>
     <span class='ocr_line' id='line_1_17' title="bbox 115 1692 1129 1773; baseline -0.002 -18"><span class='ocrx_word' id='word_1_135' title='bbox 115 1693 302 1773; x_wconf 90' lang='lat' dir='ltr'>singulorum</span> <span class='ocrx_word' id='word_1_136' title='bbox 330 1692 355 1753; x_wconf 98' lang='lat' dir='ltr'>X</span> <span class='ocrx_word' id='word_1_137' title='bbox 383 1693 524 1773; x_wconf 91' lang='lat' dir='ltr'>singulos.</span> <span class='ocrx_word' id='word_1_138' title='bbox 570 1694 624 1755; x_wconf 90' lang='lat' dir='ltr'>His</span> <span class='ocrx_word' id='word_1_139' title='bbox 652 1697 787 1755; x_wconf 89' lang='lat' dir='ltr'>contusis</span> <span class='ocrx_word' id='word_1_140' title='bbox 815 1702 845 1755; x_wconf 92' lang='lat' dir='ltr'>et</span> <span class='ocrx_word' id='word_1_141' title='bbox 872 1694 1011 1755; x_wconf 91' lang='lat' dir='ltr'>cribratis</span> <span class='ocrx_word' id='word_1_142' title='bbox 1034 1693 1129 1754; x_wconf 92' lang='lat' dir='ltr'>mellis</span> 
     </span>
     <span class='ocr_line' id='line_1_18' title="bbox 115 1781 1130 1864; baseline -0.002 -21"><span class='ocrx_word' id='word_1_143' title='bbox 115 1784 208 1843; x_wconf 83' lang='lat' dir='ltr'>Attici</span> <span class='ocrx_word' id='word_1_144' title='bbox 240 1782 421 1843; x_wconf 88' lang='lat' dir='ltr'>admiscetur</span> <span class='ocrx_word' id='word_1_145' title='bbox 454 1782 532 1863; x_wconf 87' lang='lat' dir='ltr'>quod</span> <span class='ocrx_word' id='word_1_146' title='bbox 566 1785 637 1844; x_wconf 90' lang='lat' dir='ltr'>satis</span> <span class='ocrx_word' id='word_1_147' title='bbox 671 1786 721 1864; x_wconf 78' lang='lat' dir='ltr'>sit,</span> <span class='ocrx_word' id='word_1_148' title='bbox 755 1783 825 1843; x_wconf 92' lang='lat' dir='ltr'>inde</span> <span class='ocrx_word' id='word_1_149' title='bbox 857 1783 946 1843; x_wconf 89' lang='lat' dir='ltr'>datur</span> <span class='ocrx_word' id='word_1_150' title='bbox 974 1801 1010 1843; x_wconf 84' lang='lat' dir='ltr'>ex</span> <span class='ocrx_word' id='word_1_151' title='bbox 1038 1781 1130 1842; x_wconf 91' lang='lat' dir='ltr'>calida</span> 
     </span>
     <span class='ocr_line' id='line_1_19' title="bbox 116 1871 1131 1952; baseline -0.001 -21"><span class='ocrx_word' id='word_1_152' title='bbox 116 1890 192 1950; x_wconf 88' lang='lat' dir='ltr'>aqna</span> <span class='ocrx_word' id='word_1_153' title='bbox 206 1871 256 1931; x_wconf 87' lang='lat' dir='ltr'>·ad</span> <span class='ocrx_word' id='word_1_154' title='bbox 280 1871 472 1949; x_wconf 89' lang='lat' dir='ltr'>supradicta</span> <span class='ocrx_word' id='word_1_155' title='bbox 496 1874 593 1932; x_wconf 90' lang='lat' dir='ltr'>omnia</span> <span class='ocrx_word' id='word_1_156' title='bbox 618 1874 689 1932; x_wconf 82' lang='lat' dir='ltr'>vitia</span> <span class='ocrx_word' id='word_1_157' title='bbox 712 1879 856 1952; x_wconf 87' lang='lat' dir='ltr'>quantum</span> <span class='ocrx_word' id='word_1_158' title='bbox 882 1871 966 1931; x_wconf 84' lang='lat' dir='ltr'>labae</span> <span class='ocrx_word' id='word_1_159' title='bbox 988 1873 1131 1931; x_wconf 89' lang='lat' dir='ltr'>nostratis</span> 
     </span>
     <span class='ocr_line' id='line_1_20' title="bbox 116 1960 782 2020; baseline 0.006 -1"><span class='ocrx_word' id='word_1_160' title='bbox 116 1960 223 2020; x_wconf 90' lang='lat' dir='ltr'>modus</span> <span class='ocrx_word' id='word_1_161' title='bbox 246 1967 300 2020; x_wconf 90' lang='lat' dir='ltr'>est.</span> <span class='ocrx_word' id='word_1_162' title='bbox 780 1963 782 1966; x_wconf 78' lang='grc'><strong>’</strong></span> 
     </span>
    </p>

    <p class='ocr_par' dir='ltr' id='par_1_6' title="bbox 73 2047 1183 2396">
     <span class='ocr_line' id='line_1_21' title="bbox 73 2047 1183 2128; baseline 0.004 -24"><span class='ocrx_word' id='word_1_163' title='bbox 73 2066 100 2105; x_wconf 81' lang='lat' dir='ltr'>ro</span> <span class='ocrx_word' id='word_1_164' title='bbox 204 2048 340 2108; x_wconf 87' lang='lat' dir='ltr'>Lienosis</span> <span class='ocrx_word' id='word_1_165' title='bbox 363 2047 487 2127; x_wconf 92' lang='lat' dir='ltr'>prodest</span> <span class='ocrx_word' id='word_1_166' title='bbox 508 2048 661 2128; x_wconf 79' lang='lat' dir='ltr'>hyacinthi</span> <span class='ocrx_word' id='word_1_167' title='bbox 684 2051 806 2109; x_wconf 89' lang='lat' dir='ltr'>seminis</span> <span class='ocrx_word' id='word_1_168' title='bbox 830 2049 970 2109; x_wconf 90' lang='lat' dir='ltr'>denarius</span> <span class='ocrx_word' id='word_1_169' title='bbox 989 2048 1130 2109; x_wconf 89' lang='lat' dir='ltr'>dimidius</span> <span class='ocrx_word' id='word_1_170' title='bbox 1150 2054 1183 2103; x_wconf 92' lang='lat'>10</span> 
     </span>
     <span class='ocr_line' id='line_1_22' title="bbox 114 2136 1130 2217; baseline 0 -20"><span class='ocrx_word' id='word_1_171' title='bbox 114 2145 205 2217; x_wconf 91' lang='lat' dir='ltr'>potus</span> <span class='ocrx_word' id='word_1_172' title='bbox 234 2156 270 2197; x_wconf 84' lang='lat' dir='ltr'>ex</span> <span class='ocrx_word' id='word_1_173' title='bbox 298 2144 382 2197; x_wconf 86' lang='lat' dir='ltr'>aceto</span> <span class='ocrx_word' id='word_1_174' title='bbox 410 2146 441 2198; x_wconf 89' lang='lat' dir='ltr'>et</span> <span class='ocrx_word' id='word_1_175' title='bbox 463 2136 563 2217; x_wconf 88' lang='lat' dir='ltr'>melle,</span> <span class='ocrx_word' id='word_1_176' title='bbox 591 2136 692 2215; x_wconf 92' lang='lat' dir='ltr'>polion</span> <span class='ocrx_word' id='word_1_177' title='bbox 720 2138 812 2198; x_wconf 89' lang='lat' dir='ltr'>herba</span> <span class='ocrx_word' id='word_1_178' title='bbox 835 2137 882 2198; x_wconf 90' lang='lat' dir='ltr'>vel</span> <span class='ocrx_word' id='word_1_179' title='bbox 905 2139 1040 2198; x_wconf 90' lang='lat' dir='ltr'>tamarici</span> <span class='ocrx_word' id='word_1_180' title='bbox 1062 2137 1130 2197; x_wconf 84' lang='lat' dir='ltr'>lolia</span> 
     </span>
     <span class='ocr_line' id='line_1_23' title="bbox 115 2226 1132 2307; baseline -0.002 -20"><span class='ocrx_word' id='word_1_181' title='bbox 115 2234 168 2287; x_wconf 89' lang='lat' dir='ltr'>aut</span> <span class='ocrx_word' id='word_1_182' title='bbox 186 2226 319 2287; x_wconf 92' lang='lat' dir='ltr'>ciusdem</span> <span class='ocrx_word' id='word_1_183' title='bbox 340 2243 441 2285; x_wconf 92' lang='lat' dir='ltr'>semen</span> <span class='ocrx_word' id='word_1_184' title='bbox 460 2232 512 2286; x_wconf 88' lang='lat' dir='ltr'>aut</span> <span class='ocrx_word' id='word_1_185' title='bbox 530 2235 632 2286; x_wconf 87' lang='lat' dir='ltr'>cortex</span> <span class='ocrx_word' id='word_1_186' title='bbox 650 2226 698 2286; x_wconf 89' lang='lat' dir='ltr'>vel</span> <span class='ocrx_word' id='word_1_187' title='bbox 714 2226 817 2307; x_wconf 88' lang='lat' dir='ltr'>herha,</span> <span class='ocrx_word' id='word_1_188' title='bbox 837 2245 924 2306; x_wconf 89' lang='lat' dir='ltr'>quam</span> <span class='ocrx_word' id='word_1_189' title='bbox 944 2246 998 2287; x_wconf 89' lang='lat' dir='ltr'>nos</span> <span class='ocrx_word' id='word_1_190' title='bbox 1012 2228 1132 2304; x_wconf 79' lang='lat' dir='ltr'>vitrum,</span> 
     </span>
     <span class='ocr_line' id='line_1_24' title="bbox 116 2313 1131 2396; baseline -0.001 -21"><span class='ocrx_word' id='word_1_191' title='bbox 116 2315 223 2375; x_wconf 88' lang='lat' dir='ltr'>Graeci</span> <span class='ocrx_word' id='word_1_192' title='bbox 241 2313 347 2374; x_wconf 89' lang='lat' dir='ltr'>isatida</span> <span class='ocrx_word' id='word_1_193' title='bbox 365 2322 480 2396; x_wconf 87' lang='lat' dir='ltr'>vocant,</span> <span class='ocrx_word' id='word_1_194' title='bbox 500 2332 558 2393; x_wconf 89' lang='lat' dir='ltr'>qua</span> <span class='ocrx_word' id='word_1_195' title='bbox 575 2315 737 2376; x_wconf 80' lang='lat' dir='ltr'>infectores</span> <span class='ocrx_word' id='word_1_196' title='bbox 755 2323 892 2396; x_wconf 90' lang='lat' dir='ltr'>utuntur,</span> <span class='ocrx_word' id='word_1_197' title='bbox 911 2316 1047 2375; x_wconf 89' lang='lat' dir='ltr'>similiter</span> <span class='ocrx_word' id='word_1_198' title='bbox 1063 2321 1131 2394; x_wconf 87' lang='lat' dir='ltr'>pota</span> 
     </span>
    </p>

    <p class='ocr_par' dir='ltr' id='par_1_7' title="bbox 35 2401 433 2482">
     <span class='ocr_line' id='line_1_25' title="bbox 35 2401 433 2482; baseline 0 -20"><span class='ocrx_word' id='word_1_199' title='bbox 35 2448 37 2453; x_wconf 68' lang='lat'>,</span> <span class='ocrx_word' id='word_1_200' title='bbox 116 2403 279 2482; x_wconf 91' lang='lat' dir='ltr'>plurimum</span> <span class='ocrx_word' id='word_1_201' title='bbox 302 2401 433 2480; x_wconf 91' lang='lat' dir='ltr'>prodest.</span> 
     </span>
    </p>

    <p class='ocr_par' dir='ltr' id='par_1_8' title="bbox 76 2490 1184 2924">
     <span class='ocr_line' id='line_1_26' title="bbox 76 2490 1184 2569; baseline -0.004 -21"><span class='ocrx_word' id='word_1_202' title='bbox 76 2510 104 2549; x_wconf 79' lang='lat' dir='ltr'>ss</span> <span class='ocrx_word' id='word_1_203' title='bbox 207 2491 390 2551; x_wconf 79' lang='lat' dir='ltr'>Ammoniaci</span> <span class='ocrx_word' id='word_1_204' title='bbox 414 2490 554 2551; x_wconf 88' lang='lat' dir='ltr'>denarius</span> <span class='ocrx_word' id='word_1_205' title='bbox 576 2491 725 2569; x_wconf 92' lang='lat' dir='ltr'>dimidius,</span> <span class='ocrx_word' id='word_1_206' title='bbox 748 2493 861 2569; x_wconf 85' lang='lat' dir='ltr'>piperis</span> <span class='ocrx_word' id='word_1_207' title='bbox 880 2508 970 2568; x_wconf 88' lang='lat' dir='ltr'>grana</span> <span class='ocrx_word' id='word_1_208' title='bbox 990 2492 1131 2569; x_wconf 90' lang='lat' dir='ltr'>quinque,</span> <span class='ocrx_word' id='word_1_209' title='bbox 1152 2497 1184 2544; x_wconf 91' lang='lat'>11</span> 
     </span>
     <span class='ocr_line' id='line_1_27' title="bbox 118 2577 1132 2657; baseline -0.003 -17"><span class='ocrx_word' id='word_1_210' title='bbox 118 2580 186 2641; x_wconf 91' lang='lat' dir='ltr'>ruhi</span> <span class='ocrx_word' id='word_1_211' title='bbox 209 2581 307 2640; x_wconf 91' lang='lat' dir='ltr'>teneri</span> <span class='ocrx_word' id='word_1_212' title='bbox 330 2577 469 2639; x_wconf 88' lang='lat' dir='ltr'>cauliculi</span> <span class='ocrx_word' id='word_1_213' title='bbox 491 2587 567 2657; x_wconf 91' lang='lat' dir='ltr'>tres,</span> <span class='ocrx_word' id='word_1_214' title='bbox 596 2578 670 2639; x_wconf 89' lang='lat' dir='ltr'>haec</span> <span class='ocrx_word' id='word_1_215' title='bbox 697 2581 729 2638; x_wconf 89' lang='lat' dir='ltr'>in</span> <span class='ocrx_word' id='word_1_216' title='bbox 757 2596 851 2638; x_wconf 93' lang='lat' dir='ltr'>unum</span> <span class='ocrx_word' id='word_1_217' title='bbox 873 2580 944 2638; x_wconf 87' lang='lat' dir='ltr'>trita</span> <span class='ocrx_word' id='word_1_218' title='bbox 966 2579 1132 2637; x_wconf 90' lang='lat' dir='ltr'>miscentur</span> 
     </span>
     <span class='ocr_line' id='line_1_28' title="bbox 118 2667 1131 2745; baseline -0.004 -17"><span class='ocrx_word' id='word_1_219' title='bbox 118 2677 148 2730; x_wconf 90' lang='lat' dir='ltr'>et</span> <span class='ocrx_word' id='word_1_220' title='bbox 171 2668 281 2728; x_wconf 91' lang='lat' dir='ltr'>dantur</span> <span class='ocrx_word' id='word_1_221' title='bbox 304 2669 403 2726; x_wconf 90' lang='lat' dir='ltr'>omnia</span> <span class='ocrx_word' id='word_1_222' title='bbox 425 2669 526 2728; x_wconf 90' lang='lat' dir='ltr'>ieiuno</span> <span class='ocrx_word' id='word_1_223' title='bbox 545 2667 659 2727; x_wconf 90' lang='lat' dir='ltr'>lienoso</span> <span class='ocrx_word' id='word_1_224' title='bbox 679 2685 737 2727; x_wconf 91' lang='lat' dir='ltr'>una</span> <span class='ocrx_word' id='word_1_225' title='bbox 756 2668 877 2745; x_wconf 87' lang='lat' dir='ltr'>potione</span> <span class='ocrx_word' id='word_1_226' title='bbox 896 2685 932 2726; x_wconf 84' lang='lat' dir='ltr'>cx</span> <span class='ocrx_word' id='word_1_227' title='bbox 951 2668 1028 2725; x_wconf 92' lang='lat' dir='ltr'>aceti</span> <span class='ocrx_word' id='word_1_228' title='bbox 1046 2668 1131 2725; x_wconf 88' lang='lat' dir='ltr'>semi·</span> 
     </span>
     <span class='ocr_line' id='line_1_29' title="bbox 117 2754 1131 2836; baseline -0.004 -19"><span class='ocrx_word' id='word_1_229' title='bbox 117 2758 203 2817; x_wconf 86' lang='lat' dir='ltr'>mixti</span> <span class='ocrx_word' id='word_1_230' title='bbox 231 2756 336 2835; x_wconf 82' lang='lat' dir='ltr'>cyatho</span> <span class='ocrx_word' id='word_1_231' title='bbox 364 2773 438 2836; x_wconf 71' lang='lat' dir='ltr'>uno,</span> <span class='ocrx_word' id='word_1_232' title='bbox 470 2758 545 2817; x_wconf 92' lang='lat' dir='ltr'>mire</span> <span class='ocrx_word' id='word_1_233' title='bbox 578 2756 734 2816; x_wconf 84' lang='lat' dir='ltr'>adversum</span> <span class='ocrx_word' id='word_1_234' title='bbox 767 2755 900 2815; x_wconf 89' lang='lat' dir='ltr'>dolorem</span> <span class='ocrx_word' id='word_1_235' title='bbox 933 2761 963 2814; x_wconf 91' lang='lat' dir='ltr'>et</span> <span class='ocrx_word' id='word_1_236' title='bbox 991 2754 1131 2816; x_wconf 90' lang='lat' dir='ltr'>duritiam</span> 
     </span>
     <span class='ocr_line' id='line_1_30' title="bbox 117 2844 358 2924; baseline -0.004 -19"><span class='ocrx_word' id='word_1_237' title='bbox 117 2845 204 2906; x_wconf 90' lang='lat' dir='ltr'>lienis</span> <span class='ocrx_word' id='word_1_238' title='bbox 226 2844 358 2924; x_wconf 88' lang='lat' dir='ltr'>prodest.</span> 
     </span>
    </p>

    <p class='ocr_par' dir='ltr' id='par_1_9' title="bbox 81 2931 1185 3367">
     <span class='ocr_line' id='line_1_31' title="bbox 81 2931 1185 3013; baseline -0.003 -23"><span class='ocrx_word' id='word_1_239' title='bbox 81 2951 106 2990; x_wconf 80' lang='lat' dir='ltr'>eo</span> <span class='ocrx_word' id='word_1_240' title='bbox 208 2932 350 3013; x_wconf 86' lang='lat' dir='ltr'>Capparis</span> <span class='ocrx_word' id='word_1_241' title='bbox 373 2932 481 2993; x_wconf 88' lang='lat' dir='ltr'>radicis</span> <span class='ocrx_word' id='word_1_242' title='bbox 500 2931 546 2992; x_wconf 84' lang='lat' dir='ltr'>vel</span> <span class='ocrx_word' id='word_1_243' title='bbox 565 2934 695 3012; x_wconf 86' lang='lat' dir='ltr'>corticis,</span> <span class='ocrx_word' id='word_1_244' title='bbox 719 2931 819 2993; x_wconf 90' lang='lat' dir='ltr'>scillae</span> <span class='ocrx_word' id='word_1_245' title='bbox 838 2931 922 2994; x_wconf 90' lang='lat' dir='ltr'>bulbi</span> <span class='ocrx_word' id='word_1_246' title='bbox 939 2933 1015 2994; x_wconf 92' lang='lat' dir='ltr'>aridi</span> <span class='ocrx_word' id='word_1_247' title='bbox 1034 2952 1069 2994; x_wconf 86' lang='lat' dir='ltr'>ex</span> <span class='ocrx_word' id='word_1_248' title='bbox 1088 2935 1131 2994; x_wconf 92' lang='lat' dir='ltr'>in·</span> <span class='ocrx_word' id='word_1_249' title='bbox 1152 2939 1185 2988; x_wconf 81' lang='lat'>12</span> 
     </span>
     <span class='ocr_line' id='line_1_32' title="bbox 119 3020 1133 3103; baseline -0.001 -21"><span class='ocrx_word' id='word_1_250' title='bbox 119 3024 230 3083; x_wconf 85' lang='lat' dir='ltr'>teriora</span> <span class='ocrx_word' id='word_1_251' title='bbox 253 3028 352 3102; x_wconf 88' lang='lat' dir='ltr'>parte,</span> <span class='ocrx_word' id='word_1_252' title='bbox 376 3020 484 3081; x_wconf 90' lang='lat' dir='ltr'>radicis</span> <span class='ocrx_word' id='word_1_253' title='bbox 509 3039 627 3100; x_wconf 91' lang='lat' dir='ltr'>quoque</span> <span class='ocrx_word' id='word_1_254' title='bbox 650 3024 785 3103; x_wconf 91' lang='lat' dir='ltr'>panacis,</span> <span class='ocrx_word' id='word_1_255' title='bbox 809 3021 995 3101; x_wconf 87' lang='lat' dir='ltr'>singulorum</span> <span class='ocrx_word' id='word_1_256' title='bbox 1019 3022 1133 3083; x_wconf 90' lang='lat' dir='ltr'>denarii</span> 
     </span>
     <span class='ocr_line' id='line_1_33' title="bbox 121 3108 1134 3192; baseline -0.001 -21"><span class='ocrx_word' id='word_1_257' title='bbox 121 3112 190 3171; x_wconf 91' lang='lat' dir='ltr'>deni</span> <span class='ocrx_word' id='word_1_258' title='bbox 209 3112 328 3171; x_wconf 90' lang='lat' dir='ltr'>contusi</span> <span class='ocrx_word' id='word_1_259' title='bbox 345 3117 377 3170; x_wconf 94' lang='lat' dir='ltr'>et</span> <span class='ocrx_word' id='word_1_260' title='bbox 395 3108 518 3169; x_wconf 89' lang='lat' dir='ltr'>cribrati</span> <span class='ocrx_word' id='word_1_261' title='bbox 536 3117 621 3170; x_wconf 86' lang='lat' dir='ltr'>aceto</span> <span class='ocrx_word' id='word_1_262' title='bbox 642 3117 672 3171; x_wconf 89' lang='lat' dir='ltr'>et</span> <span class='ocrx_word' id='word_1_263' title='bbox 689 3110 777 3171; x_wconf 93' lang='lat' dir='ltr'>melle</span> <span class='ocrx_word' id='word_1_264' title='bbox 792 3120 1040 3192; x_wconf 83' lang='lat' dir='ltr'>consparguntur,</span> <span class='ocrx_word' id='word_1_265' title='bbox 1058 3112 1134 3171; x_wconf 80' lang='lat' dir='ltr'>fiunt</span> 
     </span>
     <span class='ocr_line' id='line_1_34' title="bbox 121 3198 1134 3281; baseline -0.002 -22"><span class='ocrx_word' id='word_1_266' title='bbox 121 3198 230 3279; x_wconf 91' lang='lat' dir='ltr'>pastilli</span> <span class='ocrx_word' id='word_1_267' title='bbox 249 3199 439 3258; x_wconf 87' lang='lat' dir='ltr'>denariorum</span> <span class='ocrx_word' id='word_1_268' title='bbox 459 3198 653 3281; x_wconf 87' lang='lat' dir='ltr'>singulorum,</span> <span class='ocrx_word' id='word_1_269' title='bbox 677 3198 786 3261; x_wconf 89' lang='lat' dir='ltr'>dantur</span> <span class='ocrx_word' id='word_1_270' title='bbox 804 3199 926 3260; x_wconf 91' lang='lat' dir='ltr'>lienosis</span> <span class='ocrx_word' id='word_1_271' title='bbox 944 3218 981 3259; x_wconf 87' lang='lat' dir='ltr'>cx</span> <span class='ocrx_word' id='word_1_272' title='bbox 999 3208 1083 3259; x_wconf 90' lang='lat' dir='ltr'>aceto</span> <span class='ocrx_word' id='word_1_273' title='bbox 1103 3207 1134 3258; x_wconf 92' lang='lat' dir='ltr'>et</span> 
     </span>
     <span class='ocr_line' id='line_1_35' title="bbox 122 3285 1133 3367; baseline -0.003 -19"><span class='ocrx_word' id='word_1_274' title='bbox 122 3288 221 3367; x_wconf 89' lang='lat' dir='ltr'>melle;</span> <span class='ocrx_word' id='word_1_275' title='bbox 245 3287 365 3366; x_wconf 89' lang='lat' dir='ltr'>quidam</span> <span class='ocrx_word' id='word_1_276' title='bbox 389 3285 567 3347; x_wconf 89' lang='lat' dir='ltr'>addiderunt</span> <span class='ocrx_word' id='word_1_277' title='bbox 589 3287 636 3347; x_wconf 92' lang='lat' dir='ltr'>his</span> <span class='ocrx_word' id='word_1_278' title='bbox 654 3290 768 3366; x_wconf 89' lang='lat' dir='ltr'>piperis</span> <span class='ocrx_word' id='word_1_279' title='bbox 787 3296 817 3349; x_wconf 90' lang='lat' dir='ltr'>et</span> <span class='ocrx_word' id='word_1_280' title='bbox 836 3290 904 3348; x_wconf 82' lang='lat' dir='ltr'>vitis</span> <span class='ocrx_word' id='word_1_281' title='bbox 923 3286 1005 3347; x_wconf 88' lang='lat' dir='ltr'>alhae</span> <span class='ocrx_word' id='word_1_282' title='bbox 1024 3286 1133 3347; x_wconf 91' lang='lat' dir='ltr'>radicis</span> 
     </span>
    </p>

    <p class='ocr_par' dir='ltr' id='par_1_10' title="bbox 84 3374 1134 3634">
     <span class='ocr_line' id='line_1_36' title="bbox 84 3374 1132 3438; baseline 0.002 -4"><span class='ocrx_word' id='word_1_283' title='bbox 84 3393 109 3435; x_wconf 78' lang='lat' dir='ltr'>es</span> <span class='ocrx_word' id='word_1_284' title='bbox 122 3377 260 3438; x_wconf 90' lang='lat' dir='ltr'>denarios</span> <span class='ocrx_word' id='word_1_285' title='bbox 283 3375 386 3435; x_wconf 87' lang='lat' dir='ltr'>decem</span> <span class='ocrx_word' id='word_1_286' title='bbox 413 3376 509 3435; x_wconf 90' lang='lat' dir='ltr'>tritos.</span> <span class='ocrx_word' id='word_1_287' title='bbox 551 3374 634 3437; x_wconf 87' lang='lat' dir='ltr'>Facit</span> <span class='ocrx_word' id='word_1_288' title='bbox 661 3376 719 3437; x_wconf 91' lang='lat' dir='ltr'>hoc</span> <span class='ocrx_word' id='word_1_289' title='bbox 743 3376 990 3437; x_wconf 91' lang='lat' dir='ltr'>medicamentum</span> <span class='ocrx_word' id='word_1_290' title='bbox 1013 3374 1061 3435; x_wconf 90' lang='lat' dir='ltr'>his</span> <span class='ocrx_word' id='word_1_291' title='bbox 1084 3376 1132 3436; x_wconf 93' lang='lat' dir='ltr'>ad·</span> 
     </span>
     <span class='ocr_line' id='line_1_37' title="bbox 123 3463 1134 3545; baseline -0.003 -18"><span class='ocrx_word' id='word_1_292' title='bbox 123 3466 192 3527; x_wconf 90' lang='lat' dir='ltr'>ditis</span> <span class='ocrx_word' id='word_1_293' title='bbox 216 3474 246 3525; x_wconf 92' lang='lat' dir='ltr'>et</span> <span class='ocrx_word' id='word_1_294' title='bbox 269 3464 305 3524; x_wconf 93' lang='lat' dir='ltr'>ad</span> <span class='ocrx_word' id='word_1_295' title='bbox 328 3463 507 3543; x_wconf 79' lang='lat' dir='ltr'>hydropicos</span> <span class='ocrx_word' id='word_1_296' title='bbox 531 3471 561 3523; x_wconf 91' lang='lat' dir='ltr'>ct</span> <span class='ocrx_word' id='word_1_297' title='bbox 585 3465 620 3524; x_wconf 89' lang='lat' dir='ltr'>ad</span> <span class='ocrx_word' id='word_1_298' title='bbox 642 3466 835 3545; x_wconf 80' lang='lat' dir='ltr'>suspiriosos3</span> <span class='ocrx_word' id='word_1_299' title='bbox 859 3471 905 3524; x_wconf 93' lang='lat' dir='ltr'>est</span> <span class='ocrx_word' id='word_1_300' title='bbox 925 3464 982 3523; x_wconf 93' lang='lat' dir='ltr'>hoc</span> <span class='ocrx_word' id='word_1_301' title='bbox 1003 3464 1075 3524; x_wconf 91' lang='lat' dir='ltr'>utile</span> <span class='ocrx_word' id='word_1_302' title='bbox 1098 3464 1134 3524; x_wconf 95' lang='lat' dir='ltr'>de</span> 
     </span>
     <span class='ocr_line' id='line_1_38' title="bbox 122 3556 334 3634; baseline -0.014 -19"><span class='ocrx_word' id='word_1_303' title='bbox 122 3556 334 3634; x_wconf 82' lang='lat' dir='ltr'>experimento.</span> 
     </span>
    </p>
   </div>
   <div class='ocr_carea' id='block_1_3' title="bbox 0 0 1320 4017">
    <p class='ocr_par' dir='ltr' id='par_1_11' title="bbox 0 0 1320 4017">
     <span class='ocr_line' id='line_1_39' title="bbox 0 0 1320 4017; baseline 0 0"><span class='ocrx_word' id='word_1_304' title='bbox 0 0 1320 4017; x_wconf 95' lang='lat' dir='ltr'> </span> 
     </span>
    </p>
   </div>
  </div>
 </body>
</html>
