2609 4017
502 175 742 240 -315—

200 337 354 399 Confectio
377 339 545 400 iniectionis
569 338 606 399 ad
625 338 724 400 colum
744 341 800 400 sic:
824 338 893 419 0pii
912 336 991 419 drafg.
1010 339 1056 422 Vl,
1079 358 1126 401 ca·
1145 356 1179 406 61

104 429 205 488 storci
224 428 303 508 drag.
322 426 386 509 llll,
409 446 525 508 myrrae
544 427 751 508 troglodytidis
770 424 851 505 drap.
870 428 891 509 l,
910 432 993 491 croci
1011 427 1090 509 drag.
1103 430 1127 510 l,

105 517 183 579 nitri
207 514 286 596 drag.
311 515 352 598 ll,
380 516 498 579 culorbi
525 517 605 597 drag.
630 515 670 599 ll,
697 525 784 579 rutae
812 516 958 579 silvestris
985 517 1065 597 drag.
1090 518 1127 601 ll,

105 605 208 666 mellis
232 613 376 685 quantum
399 607 519 668 denseri
542 608 641 668 omnia
663 608 787 686 possint.
830 604 946 676 Quibus
971 610 1127 688 permixtis

70 715 90 755 s
105 694 278 756 trochiscos
301 694 527 774 diligentissime
551 697 645 756 iactos
669 695 801 757 servabis
825 702 945 758 etcum
962 699 1127 758 necessitas

105 784 202 844 fuerit
229 783 385 865 iniciendi,
418 785 528 846 adicies
556 784 614 845 olei
641 783 776 844 anethini
805 815 845 826 -
871 784 922 867 Vl,
949 785 1050 866 butyri
1078 804 1126 847 ex·

105 871 196 933 salati
226 905 264 916 —
295 871 347 952 lll,
378 874 464 934 nardi
494 905 531 916 -
562 872 597 934 ll.
643 872 697 934 His
725 872 863 935 omnibus
891 874 928 934 de
958 875 1127 957 trochiscis,

106 979 241 1040 quorum
267 960 429 1041 descriptio
458 964 597 1042 superius
625 964 810 1043 continetur,
844 963 953 1023 adicies
982 973 1126 1042 quantum

104 1049 194 1110 labae
218 1068 343 1128 granum
366 1057 420 1132 est,
443 1052 475 1112 in
497 1069 574 1131 aqua
597 1050 713 1112 modica
736 1049 867 1112 solutum
890 1053 983 1112 etita
1005 1051 1127 1113 hacin-

55 1159 89 1198 io
104 1141 238 1200 lectione
261 1138 419 1218 diligenter
442 1143 546 1202 uteris.

522 1386 601 1451 GXP.
625 1387 717 1449 XXX.

104 1519 164 1574 Ad
187 1519 340 1574 ventrem
360 1517 603 1574 resolvendum
622 1519 657 1573 et
675 1531 793 1574 omnes
812 1517 886 1574 eius
904 1517 1126 1575 difficultates

104 1619 244 1664 necnon
266 1609 301 1662 et
323 1605 368 1662 ad
390 1605 526 1662 cholera
544 1606 740 1676 proiciendo
757 1606 815 1662 vel
832 1605 1017 1662 inhibenda
1036 1606 1125 1663 sales

205 1697 239 1751 et
261 1693 417 1765 potiones
441 1698 476 1750 et
499 1695 667 1765 catapotia
689 1695 874 1751 cathartica
896 1695 1031 1751 diversa

460 1785 502 1840 de
526 1783 777 1854 experimentis.

200 1937 345 2009 Quoniam
363 1938 516 1999 interdum
534 1956 584 1998 res
598 1937 729 2017 postulat
743 1944 773 1998 et
786 1955 841 2017 per
855 1936 952 1998 alvum
967 1936 1125 1998 detrahere
1145 1950 1160 1999 1

106 2029 264 2089 materiam
287 2028 383 2087 omnis
408 2029 522 2088 umoris
544 2028 606 2087 sive
630 2027 773 2107 hydropis
796 2029 858 2087 sire
883 2026 1015 2087 diutinae
1038 2026 1125 2107 lippi·

107 2117 224 2178 tudinis
248 2115 413 2177 secundum
437 2117 588 2194 sanguinis
612 2115 732 2194 quidem
757 2115 985 2196 detractionem,
1013 2134 1071 2195 qua
1095 2123 1126 2177 et

109 2205 240 2266 scabiem
268 2213 299 2264 et
323 2206 422 2284 ignem
445 2222 563 2265 sacrum
587 2212 617 2265 et
638 2204 762 2285 papulas
784 2203 964 2265 habentibus
987 2204 1125 2265 subveni-

67 2315 94 2356 15
111 2305 162 2355 tur
188 2311 318 2353 —nam
346 2293 473 2354 maxime
500 2292 689 2373 phlebotomo
718 2292 891 2354 huiusmodi
917 2295 997 2353 circa
1025 2301 1126 2354 cutem

110 2400 257 2444 summam
280 2383 350 2442 vitia
373 2384 474 2442 innata
497 2382 639 2443 sedantur
661 2415 699 2424 -
718 2385 819 2461 itaque
837 2399 898 2441 non
916 2389 976 2441 tam
995 2381 1126 2442 alienum

109 2471 306 2533 indicavimus
333 2470 441 2531 horum
470 2488 589 2549 qnoque
622 2488 733 2548 genera
765 2486 927 2550 exponere,
960 2469 1013 2528 sed
1040 2472 1126 2549 prius

110 2561 254 2640 dicemus,
278 2578 352 2638 quae
376 2558 474 2620 alvum
496 2559 689 2620 mediocriter
712 2556 845 2619 molliant
866 2565 897 2617 et
915 2574 990 2635 quae
1010 2559 1071 2617 sint
1089 2557 1124 2618 ad

110 2649 167 2710 hoc
192 2647 337 2727 simplicia
359 2648 498 2708 remedia.

66 2759 96 2798 eo
201 2736 294 2797 Mollit
317 2754 387 2816 ergo
408 2735 505 2798 alvum
523 2735 616 2797 herba
635 2734 820 2797 Mercurialis
839 2733 953 2796 levibus
971 2732 1124 2796 holeribus
1143 2750 1160 2798 2

111 2825 349 2906 quamplurima
373 2827 472 2886 mixta.
511 2824 586 2886 ltem
609 2823 704 2885 mollit
727 2823 824 2884 alvum
848 2825 920 2884 nitri
942 2822 968 2882 X
992 2825 1125 2885 semissis

110 2917 222 2975 mixtus
245 2931 313 2975 cum
336 2915 435 2974 resina
458 2913 660 2974 terebinthina
683 2921 714 2973 et
735 2911 883 2972 avellanae
906 2914 992 2974 nucis
1013 2915 1125 2992 magni·

110 3003 215 3064 tudine
235 3002 400 3063 devoratus.
431 3001 536 3062 Caules
556 3020 675 3081 quoque
694 3001 718 3061 V
736 3000 783 3062 vel
801 3000 838 3061 Vl
857 3020 924 3062 cum
940 3001 1009 3062 salis
1024 3003 1125 3081 granis

110 3091 236 3152 totidem
264 3097 293 3152 ct
321 3092 381 3170 apii
409 3093 521 3152 semine
544 3091 667 3171 paribus
689 3092 840 3151 mensuris
863 3091 980 3152 decocti
1001 3093 1033 3150 in
1056 3093 1123 3150 vino

202 3268 217 3316 2
236 3261 402 3345 troclodidie
472 3259 727 3331 bdiligentissime
748 3263 861 3332 compsi:
884 3258 1124 3331 diligentissimos.

110 3340 128 3388 6
149 3331 287 3460 escape,
300 3403 338 3459 ad
352 3403 423 3458 sales
438 3402 611 3458 conficienda
625 3405 654 3458 et
668 3403 796 3473 potiones
813 3404 842 3457 et
855 3401 1000 3472 catapotia
1015 3401 1125 3456 cathar-

109 3474 170 3529 tica
188 3475 313 3529 remedia
330 3474 464 3543 phoenica
483 3477 513 3527 et
530 3473 712 3529 rationabilia
730 3473 841 3528 diversa
859 3472 894 3528 de
913 3489 975 3542 exp.

203 3550 236 3600 15
254 3544 426 3616 phleutomo.
483 3550 516 3598 18
535 3561 606 3612 quae
625 3550 689 3600 octe
707 3546 802 3600 alvum
820 3560 870 3600 om.
921 3551 955 3599 21
974 3543 1055 3616 item]
1074 3543 1125 3602 ite

1167 3758 1267 3914 Γ
