<?xml version="1.0" encoding="UTF-8"?>
<!DOCTYPE html PUBLIC "-//W3C//DTD XHTML 1.0 Transitional//EN"
    "http://www.w3.org/TR/xhtml1/DTD/xhtml1-transitional.dtd">
<html xmlns="http://www.w3.org/1999/xhtml" xml:lang="en" lang="en">
 <head>
  <title>
</title>
<meta http-equiv="Content-Type" content="text/html;charset=utf-8" />
  <meta name='ocr-system' content='tesseract 3.04.00' />
  <meta name='ocr-capabilities' content='ocr_page ocr_carea ocr_par ocr_line ocrx_word'/>
</head>
<body>
  <div class='ocr_page' id='page_1' title='image "./marcellidemedic03helmgoog_0019.png"; bbox 0 0 2609 4017; ppageno 0'>
   <div class='ocr_carea' id='block_1_1' title="bbox 536 140 729 203">
    <p class='ocr_par' dir='ltr' id='par_1_1' title="bbox 536 140 729 203">
     <span class='ocr_line' id='line_1_1' title="bbox 536 140 729 203; baseline 0 -19"><span class='ocrx_word' id='word_1_1' title='bbox 536 140 729 203; x_wconf 76' lang='lat'><strong>..7-</strong></span> 
     </span>
    </p>
   </div>
   <div class='ocr_carea' id='block_1_2' title="bbox 73 299 1174 3132">
    <p class='ocr_par' dir='ltr' id='par_1_2' title="bbox 73 299 1174 3132">
     <span class='ocr_line' id='line_1_2' title="bbox 121 299 1137 384; baseline 0 -21"><span class='ocrx_word' id='word_1_2' title='bbox 121 302 272 381; x_wconf 90' lang='lat' dir='ltr'><strong>pulmonis</strong></span> <span class='ocrx_word' id='word_1_3' title='bbox 295 300 396 362; x_wconf 90' lang='lat' dir='ltr'><strong>labore</strong></span> <span class='ocrx_word' id='word_1_4' title='bbox 420 299 584 384; x_wconf 82' lang='lat' dir='ltr'>vexabitur,</span> <span class='ocrx_word' id='word_1_5' title='bbox 608 302 751 363; x_wconf 81' lang='lat' dir='ltr'><strong>frenesim</strong></span> <span class='ocrx_word' id='word_1_6' title='bbox 771 301 944 382; x_wconf 82' lang='lat' dir='ltr'><strong>sustinebit,</strong></span> <span class='ocrx_word' id='word_1_7' title='bbox 969 310 1050 363; x_wconf 91' lang='lat' dir='ltr'><strong>atrae</strong></span> <span class='ocrx_word' id='word_1_8' title='bbox 1068 302 1137 363; x_wconf 92' lang='lat' dir='ltr'><strong>bilis</strong></span> 
     </span>
     <span class='ocr_line' id='line_1_3' title="bbox 120 390 1138 470; baseline 0 -18"><span class='ocrx_word' id='word_1_9' title='bbox 120 392 231 452; x_wconf 90' lang='lat' dir='ltr'><strong>infesta</strong></span> <span class='ocrx_word' id='word_1_10' title='bbox 253 392 412 452; x_wconf 83' lang='lat' dir='ltr'><strong>commotio</strong></span> <span class='ocrx_word' id='word_1_11' title='bbox 436 390 472 450; x_wconf 91' lang='lat' dir='ltr'><strong>ad</strong></span> <span class='ocrx_word' id='word_1_12' title='bbox 495 408 592 470; x_wconf 89' lang='lat' dir='ltr'><strong>usqne</strong></span> <span class='ocrx_word' id='word_1_13' title='bbox 614 392 717 451; x_wconf 88' lang='lat' dir='ltr'><strong>vesani</strong></span> <span class='ocrx_word' id='word_1_14' title='bbox 740 409 808 451; x_wconf 93' lang='lat' dir='ltr'><strong>eum</strong></span> <span class='ocrx_word' id='word_1_15' title='bbox 835 391 946 451; x_wconf 93' lang='lat' dir='ltr'><strong>furoris</strong></span> <span class='ocrx_word' id='word_1_16' title='bbox 971 391 1138 469; x_wconf 92' lang='lat' dir='ltr'><strong>periculum</strong></span> 
     </span>
     <span class='ocr_line' id='line_1_4' title="bbox 120 473 1138 562; baseline 0.001 -22"><span class='ocrx_word' id='word_1_17' title='bbox 120 480 233 562; x_wconf 86' lang='lat' dir='ltr'><strong>trahet,</strong></span> <span class='ocrx_word' id='word_1_18' title='bbox 261 477 420 541; x_wconf 88' lang='lat' dir='ltr'><strong>iactabitur</strong></span> <span class='ocrx_word' id='word_1_19' title='bbox 448 478 582 539; x_wconf 82' lang='lat' dir='ltr'><strong>febribus</strong></span> <span class='ocrx_word' id='word_1_20' title='bbox 610 473 720 560; x_wconf 89' lang='lat' dir='ltr'><strong>acutis&#39;,</strong></span> <span class='ocrx_word' id='word_1_21' title='bbox 747 482 834 558; x_wconf 90' lang='lat' dir='ltr'><strong>inops</strong></span> <span class='ocrx_word' id='word_1_22' title='bbox 858 482 955 540; x_wconf 92' lang='lat' dir='ltr'><strong>somni</strong></span> <span class='ocrx_word' id='word_1_23' title='bbox 978 479 1138 557; x_wconf 82' lang='lat' dir='ltr'><strong>agitabitur</strong></span> 
     </span>
     <span class='ocr_line' id='line_1_5' title="bbox 121 568 1174 647; baseline -0.003 -17"><span class='ocrx_word' id='word_1_24' title='bbox 121 570 299 647; x_wconf 88' lang='lat' dir='ltr'><strong>perniciosis</strong></span> <span class='ocrx_word' id='word_1_25' title='bbox 319 568 435 647; x_wconf 84' lang='lat' dir='ltr'><strong>vigiliis.</strong></span> <span class='ocrx_word' id='word_1_26' title='bbox 471 568 503 628; x_wconf 89' lang='lat' dir='ltr'><strong>Si</strong></span> <span class='ocrx_word' id='word_1_27' title='bbox 521 568 758 647; x_wconf 87' lang='lat' dir='ltr'><strong>quandoautem</strong></span> <span class='ocrx_word' id='word_1_28' title='bbox 777 568 900 629; x_wconf 91' lang='lat' dir='ltr'><strong>morbus</strong></span> <span class='ocrx_word' id='word_1_29' title='bbox 918 587 935 628; x_wconf 89' lang='lat' dir='ltr'><strong>a</strong></span> <span class='ocrx_word' id='word_1_30' title='bbox 954 578 1057 629; x_wconf 89' lang='lat' dir='ltr'><strong>ventre</strong></span> <span class='ocrx_word' id='word_1_31' title='bbox 1076 587 1138 629; x_wconf 94' lang='lat' dir='ltr'><strong>mo·</strong></span> <span class='ocrx_word' id='word_1_32' title='bbox 1156 580 1174 627; x_wconf 86' lang='lat'>4</span> 
     </span>
     <span class='ocr_line' id='line_1_6' title="bbox 89 656 1138 738; baseline 0.001 -21"><span class='ocrx_word' id='word_1_33' title='bbox 89 658 209 738; x_wconf 77' lang='lat' dir='ltr'><strong>alitur,</strong></span> <span class='ocrx_word' id='word_1_34' title='bbox 238 660 290 737; x_wconf 89' lang='lat' dir='ltr'><strong>qui</strong></span> <span class='ocrx_word' id='word_1_35' title='bbox 317 659 438 736; x_wconf 87' lang='lat' dir='ltr'><strong>etipse</strong></span> <span class='ocrx_word' id='word_1_36' title='bbox 462 656 637 718; x_wconf 82' lang='lat' dir='ltr'><strong>multiformi</strong></span> <span class='ocrx_word' id='word_1_37' title='bbox 660 665 813 735; x_wconf 90' lang='lat' dir='ltr'><strong>grassatur</strong></span> <span class='ocrx_word' id='word_1_38' title='bbox 836 657 1035 737; x_wconf 92' lang='lat' dir='ltr'><strong>incommodo,</strong></span> <span class='ocrx_word' id='word_1_39' title='bbox 1064 657 1138 718; x_wconf 91' lang='lat' dir='ltr'><strong>baec</strong></span> 
     </span>
     <span class='ocr_line' id='line_1_7' title="bbox 122 746 1138 826; baseline -0.001 -18"><span class='ocrx_word' id='word_1_40' title='bbox 122 750 206 826; x_wconf 91' lang='lat' dir='ltr'><strong>signa</strong></span> <span class='ocrx_word' id='word_1_41' title='bbox 230 748 407 825; x_wconf 88' lang='lat' dir='ltr'><strong>praemittit:</strong></span> <span class='ocrx_word' id='word_1_42' title='bbox 444 754 603 825; x_wconf 90' lang='lat' dir='ltr'><strong>torquetur</strong></span> <span class='ocrx_word' id='word_1_43' title='bbox 630 746 713 807; x_wconf 87' lang='lat' dir='ltr'><strong>alvus</strong></span> <span class='ocrx_word' id='word_1_44' title='bbox 744 754 774 807; x_wconf 87' lang='lat' dir='ltr'><strong>et</strong></span> <span class='ocrx_word' id='word_1_45' title='bbox 802 754 955 825; x_wconf 88' lang='lat' dir='ltr'><strong>correptos</strong></span> <span class='ocrx_word' id='word_1_46' title='bbox 984 746 1067 808; x_wconf 90' lang='lat' dir='ltr'><strong>eibos</strong></span> <span class='ocrx_word' id='word_1_47' title='bbox 1094 749 1138 807; x_wconf 90' lang='lat' dir='ltr'><strong>in-</strong></span> 
     </span>
     <span class='ocr_line' id='line_1_8' title="bbox 121 833 1138 916; baseline 0 -21"><span class='ocrx_word' id='word_1_48' title='bbox 121 835 283 895; x_wconf 83' lang='lat' dir='ltr'><strong>moderatis</strong></span> <span class='ocrx_word' id='word_1_49' title='bbox 301 833 447 895; x_wconf 87' lang='lat' dir='ltr'><strong>fluoribus</strong></span> <span class='ocrx_word' id='word_1_50' title='bbox 466 835 572 914; x_wconf 90' lang='lat' dir='ltr'><strong>fundit,</strong></span> <span class='ocrx_word' id='word_1_51' title='bbox 595 844 685 913; x_wconf 89' lang='lat' dir='ltr'><strong>potus</strong></span> <span class='ocrx_word' id='word_1_52' title='bbox 703 837 735 895; x_wconf 96' lang='lat' dir='ltr'><strong>in</strong></span> <span class='ocrx_word' id='word_1_53' title='bbox 754 836 982 896; x_wconf 88' lang='lat' dir='ltr'><strong>amaritudinem</strong></span> <span class='ocrx_word' id='word_1_54' title='bbox 1003 838 1138 916; x_wconf 87' lang='lat' dir='ltr'><strong>vertitur,</strong></span> 
     </span>
     <span class='ocr_line' id='line_1_9' title="bbox 120 924 1137 1003; baseline 0 -18"><span class='ocrx_word' id='word_1_55' title='bbox 120 924 324 985; x_wconf 89' lang='lat' dir='ltr'><strong>membrorum</strong></span> <span class='ocrx_word' id='word_1_56' title='bbox 353 926 484 984; x_wconf 94' lang='lat' dir='ltr'><strong>omnium</strong></span> <span class='ocrx_word' id='word_1_57' title='bbox 513 926 646 984; x_wconf 87' lang='lat' dir='ltr'><strong>existunt</strong></span> <span class='ocrx_word' id='word_1_58' title='bbox 669 924 788 985; x_wconf 91' lang='lat' dir='ltr'><strong>dolores</strong></span> <span class='ocrx_word' id='word_1_59' title='bbox 811 943 901 985; x_wconf 88' lang='lat' dir='ltr'><strong>causa</strong></span> <span class='ocrx_word' id='word_1_60' title='bbox 923 924 1033 985; x_wconf 91' lang='lat' dir='ltr'><strong>latente</strong></span> <span class='ocrx_word' id='word_1_61' title='bbox 1056 943 1137 1003; x_wconf 89' lang='lat' dir='ltr'><strong>gras·</strong></span> 
     </span>
     <span class='ocr_line' id='line_1_10' title="bbox 121 1011 1138 1093; baseline -0.001 -19"><span class='ocrx_word' id='word_1_62' title='bbox 121 1020 232 1091; x_wconf 89' lang='lat' dir='ltr'><strong>santes,</strong></span> <span class='ocrx_word' id='word_1_63' title='bbox 254 1012 349 1073; x_wconf 88' lang='lat' dir='ltr'><strong>fervet</strong></span> <span class='ocrx_word' id='word_1_64' title='bbox 366 1014 466 1072; x_wconf 92' lang='lat' dir='ltr'><strong>nimiis</strong></span> <span class='ocrx_word' id='word_1_65' title='bbox 480 1011 642 1073; x_wconf 91' lang='lat' dir='ltr'><strong>ruboribus</strong></span> <span class='ocrx_word' id='word_1_66' title='bbox 657 1031 767 1093; x_wconf 92' lang='lat' dir='ltr'><strong>corpus</strong></span> <span class='ocrx_word' id='word_1_67' title='bbox 782 1021 812 1073; x_wconf 93' lang='lat' dir='ltr'><strong>et</strong></span> <span class='ocrx_word' id='word_1_68' title='bbox 826 1015 922 1073; x_wconf 91' lang='lat' dir='ltr'><strong>acutis</strong></span> <span class='ocrx_word' id='word_1_69' title='bbox 936 1021 1024 1093; x_wconf 88' lang='lat' dir='ltr'><strong>atque</strong></span> <span class='ocrx_word' id='word_1_70' title='bbox 1040 1012 1138 1075; x_wconf 90' lang='lat' dir='ltr'><strong>occul·</strong></span> 
     </span>
     <span class='ocr_line' id='line_1_11' title="bbox 73 1100 1137 1163; baseline 0 -2"><span class='ocrx_word' id='word_1_71' title='bbox 73 1116 105 1155; x_wconf 89' lang='lat'><strong>10</strong></span> <span class='ocrx_word' id='word_1_72' title='bbox 120 1104 160 1162; x_wconf 89' lang='lat' dir='ltr'><strong>tis</strong></span> <span class='ocrx_word' id='word_1_73' title='bbox 185 1101 320 1162; x_wconf 90' lang='lat' dir='ltr'><strong>febribus</strong></span> <span class='ocrx_word' id='word_1_74' title='bbox 338 1100 508 1161; x_wconf 85' lang='lat' dir='ltr'><strong>inardescit.</strong></span> <span class='ocrx_word' id='word_1_75' title='bbox 541 1102 707 1163; x_wconf 79' lang='lat' dir='ltr'><strong>Adversum</strong></span> <span class='ocrx_word' id='word_1_76' title='bbox 723 1102 796 1163; x_wconf 91' lang='lat' dir='ltr'><strong>haec</strong></span> <span class='ocrx_word' id='word_1_77' title='bbox 817 1110 920 1163; x_wconf 90' lang='lat' dir='ltr'><strong>venter</strong></span> <span class='ocrx_word' id='word_1_78' title='bbox 940 1110 986 1163; x_wconf 93' lang='lat' dir='ltr'><strong>est</strong></span> <span class='ocrx_word' id='word_1_79' title='bbox 1004 1101 1137 1162; x_wconf 92' lang='lat' dir='ltr'><strong>mollien-</strong></span> 
     </span>
     <span class='ocr_line' id='line_1_12' title="bbox 120 1189 1137 1271; baseline -0.001 -19"><span class='ocrx_word' id='word_1_80' title='bbox 120 1192 178 1252; x_wconf 91' lang='lat' dir='ltr'><strong>dus</strong></span> <span class='ocrx_word' id='word_1_81' title='bbox 193 1192 258 1251; x_wconf 92' lang='lat' dir='ltr'><strong>sine</strong></span> <span class='ocrx_word' id='word_1_82' title='bbox 273 1189 377 1269; x_wconf 87' lang='lat' dir='ltr'><strong>grandi</strong></span> <span class='ocrx_word' id='word_1_83' title='bbox 392 1208 463 1251; x_wconf 91' lang='lat' dir='ltr'><strong>cura</strong></span> <span class='ocrx_word' id='word_1_84' title='bbox 478 1198 529 1251; x_wconf 89' lang='lat' dir='ltr'><strong>aut</strong></span> <span class='ocrx_word' id='word_1_85' title='bbox 539 1192 621 1269; x_wconf 88' lang='lat' dir='ltr'><strong>gravi</strong></span> <span class='ocrx_word' id='word_1_86' title='bbox 631 1191 855 1252; x_wconf 90' lang='lat' dir='ltr'><strong>medicamento.</strong></span> <span class='ocrx_word' id='word_1_87' title='bbox 874 1190 948 1251; x_wconf 93' lang='lat' dir='ltr'><strong>Nam</strong></span> <span class='ocrx_word' id='word_1_88' title='bbox 958 1192 1011 1271; x_wconf 87' lang='lat' dir='ltr'><strong>qui</strong></span> <span class='ocrx_word' id='word_1_89' title='bbox 1020 1190 1137 1270; x_wconf 88' lang='lat' dir='ltr'><strong>lapatho</strong></span> 
     </span>
     <span class='ocr_line' id='line_1_13' title="bbox 119 1277 1137 1360; baseline 0.001 -21"><span class='ocrx_word' id='word_1_90' title='bbox 119 1279 167 1341; x_wconf 86' lang='lat' dir='ltr'><strong>vel</strong></span> <span class='ocrx_word' id='word_1_91' title='bbox 183 1277 353 1340; x_wconf 83' lang='lat' dir='ltr'><strong>mercuriali</strong></span> <span class='ocrx_word' id='word_1_92' title='bbox 367 1278 459 1339; x_wconf 91' lang='lat' dir='ltr'><strong>herba</strong></span> <span class='ocrx_word' id='word_1_93' title='bbox 473 1297 546 1339; x_wconf 93' lang='lat' dir='ltr'><strong>usus</strong></span> <span class='ocrx_word' id='word_1_94' title='bbox 559 1280 659 1360; x_wconf 90' lang='lat' dir='ltr'><strong>fuerit,</strong></span> <span class='ocrx_word' id='word_1_95' title='bbox 674 1280 828 1341; x_wconf 91' lang='lat' dir='ltr'><strong>commode</strong></span> <span class='ocrx_word' id='word_1_96' title='bbox 839 1279 937 1341; x_wconf 88' lang='lat' dir='ltr'><strong>alvum</strong></span> <span class='ocrx_word' id='word_1_97' title='bbox 951 1279 1137 1359; x_wconf 89' lang='lat' dir='ltr'><strong>temperabit.</strong></span> 
     </span>
     <span class='ocr_line' id='line_1_14' title="bbox 120 1367 1137 1449; baseline 0 -21"><span class='ocrx_word' id='word_1_98' title='bbox 120 1367 152 1428; x_wconf 91' lang='lat' dir='ltr'><strong>Si</strong></span> <span class='ocrx_word' id='word_1_99' title='bbox 173 1386 279 1447; x_wconf 90' lang='lat' dir='ltr'><strong>parum</strong></span> <span class='ocrx_word' id='word_1_100' title='bbox 297 1368 434 1447; x_wconf 87' lang='lat' dir='ltr'><strong>proficiet</strong></span> <span class='ocrx_word' id='word_1_101' title='bbox 452 1368 526 1428; x_wconf 90' lang='lat' dir='ltr'><strong>haec</strong></span> <span class='ocrx_word' id='word_1_102' title='bbox 545 1367 670 1429; x_wconf 90' lang='lat' dir='ltr'><strong>medella</strong></span> <span class='ocrx_word' id='word_1_103' title='bbox 689 1378 720 1429; x_wconf 91' lang='lat' dir='ltr'><strong>et</strong></span> <span class='ocrx_word' id='word_1_104' title='bbox 738 1387 828 1449; x_wconf 92' lang='lat' dir='ltr'><strong>supra</strong></span> <span class='ocrx_word' id='word_1_105' title='bbox 848 1369 927 1430; x_wconf 88' lang='lat' dir='ltr'><strong>diota</strong></span> <span class='ocrx_word' id='word_1_106' title='bbox 945 1369 1054 1430; x_wconf 91' lang='lat' dir='ltr'><strong>indicia</strong></span> <span class='ocrx_word' id='word_1_107' title='bbox 1070 1386 1137 1447; x_wconf 91' lang='lat' dir='ltr'><strong>per·</strong></span> 
     </span>
     <span class='ocr_line' id='line_1_15' title="bbox 120 1456 1138 1537; baseline 0 -20"><span class='ocrx_word' id='word_1_108' title='bbox 120 1456 313 1536; x_wconf 87' lang='lat' dir='ltr'><strong>sevcrabunt,</strong></span> <span class='ocrx_word' id='word_1_109' title='bbox 336 1456 479 1517; x_wconf 90' lang='lat' dir='ltr'><strong>decoctus</strong></span> <span class='ocrx_word' id='word_1_110' title='bbox 502 1459 617 1518; x_wconf 88' lang='lat' dir='ltr'><strong>urticae</strong></span> <span class='ocrx_word' id='word_1_111' title='bbox 640 1476 731 1519; x_wconf 88' lang='lat' dir='ltr'><strong>sucus</strong></span> <span class='ocrx_word' id='word_1_112' title='bbox 749 1460 834 1537; x_wconf 93' lang='lat' dir='ltr'><strong>potui</strong></span> <span class='ocrx_word' id='word_1_113' title='bbox 853 1457 981 1519; x_wconf 88' lang='lat' dir='ltr'><strong>dabitur.</strong></span> <span class='ocrx_word' id='word_1_114' title='bbox 1018 1457 1138 1518; x_wconf 86' lang='lat' dir='ltr'><strong>Utiliter</strong></span> 
     </span>
     <span class='ocr_line' id='line_1_16' title="bbox 76 1545 1137 1625; baseline 0.002 -22"><span class='ocrx_word' id='word_1_115' title='bbox 76 1559 104 1600; x_wconf 78' lang='lat'><strong>1⁵</strong></span> <span class='ocrx_word' id='word_1_116' title='bbox 119 1548 310 1624; x_wconf 88' lang='lat' dir='ltr'><strong>accipiuntur</strong></span> <span class='ocrx_word' id='word_1_117' title='bbox 333 1553 364 1605; x_wconf 90' lang='lat' dir='ltr'><strong>et</strong></span> <span class='ocrx_word' id='word_1_118' title='bbox 387 1563 488 1625; x_wconf 76' lang='lat' dir='ltr'><strong>cymae</strong></span> <span class='ocrx_word' id='word_1_119' title='bbox 512 1545 641 1607; x_wconf 92' lang='lat' dir='ltr'><strong>caulium</strong></span> <span class='ocrx_word' id='word_1_120' title='bbox 666 1545 759 1607; x_wconf 89' lang='lat' dir='ltr'><strong>multa</strong></span> <span class='ocrx_word' id='word_1_121' title='bbox 783 1565 859 1625; x_wconf 91' lang='lat' dir='ltr'><strong>aqua</strong></span> <span class='ocrx_word' id='word_1_122' title='bbox 878 1547 1068 1607; x_wconf 89' lang='lat' dir='ltr'><strong>vehementer</strong></span> <span class='ocrx_word' id='word_1_123' title='bbox 1088 1564 1137 1606; x_wconf 82' lang='lat' dir='ltr'><strong>ex·</strong></span> 
     </span>
     <span class='ocr_line' id='line_1_17' title="bbox 120 1633 1137 1715; baseline -0.002 -21"><span class='ocrx_word' id='word_1_124' title='bbox 120 1644 237 1715; x_wconf 90' lang='lat' dir='ltr'><strong>coctae,</strong></span> <span class='ocrx_word' id='word_1_125' title='bbox 258 1636 346 1694; x_wconf 89' lang='lat' dir='ltr'><strong>etiam</strong></span> <span class='ocrx_word' id='word_1_126' title='bbox 364 1633 513 1695; x_wconf 81' lang='lat' dir='ltr'><strong>brassicae</strong></span> <span class='ocrx_word' id='word_1_127' title='bbox 532 1652 620 1696; x_wconf 93' lang='lat' dir='ltr'><strong>umor</strong></span> <span class='ocrx_word' id='word_1_128' title='bbox 638 1634 725 1694; x_wconf 90' lang='lat' dir='ltr'><strong>melle</strong></span> <span class='ocrx_word' id='word_1_129' title='bbox 747 1634 877 1695; x_wconf 83' lang='lat' dir='ltr'><strong>admixto</strong></span> <span class='ocrx_word' id='word_1_130' title='bbox 897 1643 927 1695; x_wconf 90' lang='lat' dir='ltr'><strong>ct</strong></span> <span class='ocrx_word' id='word_1_131' title='bbox 940 1652 1062 1713; x_wconf 90' lang='lat' dir='ltr'><strong>asperso</strong></span> <span class='ocrx_word' id='word_1_132' title='bbox 1077 1633 1137 1693; x_wconf 92' lang='lat' dir='ltr'><strong>sale</strong></span> 
     </span>
     <span class='ocr_line' id='line_1_18' title="bbox 119 1720 1172 1803; baseline -0.005 -19"><span class='ocrx_word' id='word_1_133' title='bbox 119 1730 306 1802; x_wconf 87' lang='lat' dir='ltr'><strong>temperatus</strong></span> <span class='ocrx_word' id='word_1_134' title='bbox 320 1720 384 1782; x_wconf 91' lang='lat' dir='ltr'><strong>bibi</strong></span> <span class='ocrx_word' id='word_1_135' title='bbox 397 1722 486 1783; x_wconf 91' lang='lat' dir='ltr'><strong>debet</strong></span> <span class='ocrx_word' id='word_1_136' title='bbox 504 1723 540 1783; x_wconf 91' lang='lat' dir='ltr'><strong>ad</strong></span> <span class='ocrx_word' id='word_1_137' title='bbox 555 1723 744 1783; x_wconf 84' lang='lat' dir='ltr'><strong>heminarum</strong></span> <span class='ocrx_word' id='word_1_138' title='bbox 759 1730 901 1803; x_wconf 88' lang='lat' dir='ltr'><strong>quattuor</strong></span> <span class='ocrx_word' id='word_1_139' title='bbox 915 1722 1044 1783; x_wconf 92' lang='lat' dir='ltr'><strong>modum.</strong></span> <span class='ocrx_word' id='word_1_140' title='bbox 1080 1720 1138 1792; x_wconf 82' lang='lat' dir='ltr'><strong>Qui</strong></span> <span class='ocrx_word' id='word_1_141' title='bbox 1156 1730 1172 1779; x_wconf 84' lang='lat' dir='ltr'><strong>o</strong></span> 
     </span>
     <span class='ocr_line' id='line_1_19' title="bbox 118 1810 1136 1893; baseline -0.001 -21"><span class='ocrx_word' id='word_1_142' title='bbox 118 1812 193 1873; x_wconf 90' lang='lat' dir='ltr'><strong>haec</strong></span> <span class='ocrx_word' id='word_1_143' title='bbox 210 1810 353 1872; x_wconf 91' lang='lat' dir='ltr'><strong>adbibere</strong></span> <span class='ocrx_word' id='word_1_144' title='bbox 367 1814 537 1893; x_wconf 84' lang='lat' dir='ltr'><strong>cessaverit,</strong></span> <span class='ocrx_word' id='word_1_145' title='bbox 556 1811 604 1871; x_wconf 91' lang='lat' dir='ltr'><strong>bis</strong></span> <span class='ocrx_word' id='word_1_146' title='bbox 622 1810 737 1891; x_wconf 87' lang='lat' dir='ltr'><strong>patebit</strong></span> <span class='ocrx_word' id='word_1_147' title='bbox 751 1813 878 1893; x_wconf 92' lang='lat' dir='ltr'><strong>iniuriis,</strong></span> <span class='ocrx_word' id='word_1_148' title='bbox 898 1820 932 1872; x_wconf 90' lang='lat' dir='ltr'><strong>nt</strong></span> <span class='ocrx_word' id='word_1_149' title='bbox 949 1819 1000 1872; x_wconf 90' lang='lat' dir='ltr'><strong>aut</strong></span> <span class='ocrx_word' id='word_1_150' title='bbox 1014 1811 1136 1872; x_wconf 91' lang='lat' dir='ltr'><strong>ciliacus</strong></span> 
     </span>
     <span class='ocr_line' id='line_1_20' title="bbox 119 1900 1136 1979; baseline 0.001 -19"><span class='ocrx_word' id='word_1_151' title='bbox 119 1902 171 1960; x_wconf 85' lang='lat' dir='ltr'><strong>fiat</strong></span> <span class='ocrx_word' id='word_1_152' title='bbox 194 1910 246 1962; x_wconf 90' lang='lat' dir='ltr'><strong>aut</strong></span> <span class='ocrx_word' id='word_1_153' title='bbox 269 1900 415 1961; x_wconf 89' lang='lat' dir='ltr'><strong>meatibus</strong></span> <span class='ocrx_word' id='word_1_154' title='bbox 439 1902 536 1979; x_wconf 93' lang='lat' dir='ltr'><strong>ruptis</strong></span> <span class='ocrx_word' id='word_1_155' title='bbox 556 1901 739 1961; x_wconf 90' lang='lat' dir='ltr'><strong>inmoderato</strong></span> <span class='ocrx_word' id='word_1_156' title='bbox 759 1903 871 1961; x_wconf 89' lang='lat' dir='ltr'><strong>ventris</strong></span> <span class='ocrx_word' id='word_1_157' title='bbox 890 1901 985 1962; x_wconf 90' lang='lat' dir='ltr'><strong>fluore</strong></span> <span class='ocrx_word' id='word_1_158' title='bbox 1004 1908 1136 1962; x_wconf 84' lang='lat' dir='ltr'><strong>vexetur.</strong></span> 
     </span>
     <span class='ocr_line' id='line_1_21' title="bbox 77 1988 1137 2070; baseline -0.002 -20"><span class='ocrx_word' id='word_1_159' title='bbox 77 2003 105 2042; x_wconf 77' lang='lat'><strong>20</strong></span> <span class='ocrx_word' id='word_1_160' title='bbox 119 1988 197 2050; x_wconf 86' lang='lat' dir='ltr'><strong>Hinc</strong></span> <span class='ocrx_word' id='word_1_161' title='bbox 226 1988 387 2069; x_wconf 83' lang='lat' dir='ltr'><strong>dysinteria</strong></span> <span class='ocrx_word' id='word_1_162' title='bbox 412 1992 508 2050; x_wconf 92' lang='lat' dir='ltr'><strong>oritur</strong></span> <span class='ocrx_word' id='word_1_163' title='bbox 537 2002 567 2050; x_wconf 89' lang='lat' dir='ltr'><strong>et</strong></span> <span class='ocrx_word' id='word_1_164' title='bbox 594 1988 699 2050; x_wconf 90' lang='lat' dir='ltr'><strong>iliacus</strong></span> <span class='ocrx_word' id='word_1_165' title='bbox 722 1990 845 2051; x_wconf 92' lang='lat' dir='ltr'><strong>morbus</strong></span> <span class='ocrx_word' id='word_1_166' title='bbox 868 1991 958 2051; x_wconf 92' lang='lat' dir='ltr'><strong>etad</strong></span> <span class='ocrx_word' id='word_1_167' title='bbox 981 1992 1137 2070; x_wconf 90' lang='lat' dir='ltr'><strong>superiora</strong></span> 
     </span>
     <span class='ocr_line' id='line_1_22' title="bbox 119 2077 1135 2158; baseline 0.001 -21"><span class='ocrx_word' id='word_1_168' title='bbox 119 2079 210 2139; x_wconf 91' lang='lat' dir='ltr'><strong>fimus</strong></span> <span class='ocrx_word' id='word_1_169' title='bbox 233 2077 404 2138; x_wconf 91' lang='lat' dir='ltr'><strong>redundans</strong></span> <span class='ocrx_word' id='word_1_170' title='bbox 432 2080 560 2138; x_wconf 88' lang='lat' dir='ltr'><strong>vomitus</strong></span> <span class='ocrx_word' id='word_1_171' title='bbox 584 2086 613 2139; x_wconf 90' lang='lat' dir='ltr'><strong>et</strong></span> <span class='ocrx_word' id='word_1_172' title='bbox 641 2080 908 2158; x_wconf 88' lang='lat' dir='ltr'><strong>empneumatosim</strong></span> <span class='ocrx_word' id='word_1_173' title='bbox 926 2079 1023 2140; x_wconf 90' lang='lat' dir='ltr'><strong>faciet.</strong></span> <span class='ocrx_word' id='word_1_174' title='bbox 1059 2077 1135 2139; x_wconf 88' lang='lat' dir='ltr'><strong>Hine</strong></span> 
     </span>
     <span class='ocr_line' id='line_1_23' title="bbox 120 2166 1136 2249; baseline -0.002 -22"><span class='ocrx_word' id='word_1_175' title='bbox 120 2169 200 2228; x_wconf 85' lang='lat' dir='ltr'><strong>seiae</strong></span> <span class='ocrx_word' id='word_1_176' title='bbox 229 2168 327 2245; x_wconf 88' lang='lat' dir='ltr'><strong>passio</strong></span> <span class='ocrx_word' id='word_1_177' title='bbox 352 2170 410 2227; x_wconf 91' lang='lat' dir='ltr'><strong>erit</strong></span> <span class='ocrx_word' id='word_1_178' title='bbox 442 2166 586 2245; x_wconf 92' lang='lat' dir='ltr'><strong>dolorque</strong></span> <span class='ocrx_word' id='word_1_179' title='bbox 615 2186 769 2249; x_wconf 81' lang='lat' dir='ltr'><strong>coxarum,</strong></span> <span class='ocrx_word' id='word_1_180' title='bbox 797 2167 949 2247; x_wconf 82' lang='lat' dir='ltr'><strong>apoplexis</strong></span> <span class='ocrx_word' id='word_1_181' title='bbox 977 2170 1065 2228; x_wconf 90' lang='lat' dir='ltr'><strong>ctiam</strong></span> <span class='ocrx_word' id='word_1_182' title='bbox 1088 2166 1136 2226; x_wconf 90' lang='lat' dir='ltr'><strong>his</strong></span> 
     </span>
     <span class='ocr_line' id='line_1_24' title="bbox 119 2254 1137 2337; baseline 0 -22"><span class='ocrx_word' id='word_1_183' title='bbox 119 2255 287 2334; x_wconf 85' lang='lat' dir='ltr'><strong>originibus</strong></span> <span class='ocrx_word' id='word_1_184' title='bbox 307 2256 427 2336; x_wconf 80' lang='lat' dir='ltr'><strong>existet3</strong></span> <span class='ocrx_word' id='word_1_185' title='bbox 446 2254 516 2316; x_wconf 90' lang='lat' dir='ltr'><strong>binc</strong></span> <span class='ocrx_word' id='word_1_186' title='bbox 541 2263 570 2315; x_wconf 90' lang='lat' dir='ltr'><strong>et</strong></span> <span class='ocrx_word' id='word_1_187' title='bbox 589 2258 742 2335; x_wconf 86' lang='lat' dir='ltr'><strong>sanguinis</strong></span> <span class='ocrx_word' id='word_1_188' title='bbox 759 2274 815 2337; x_wconf 91' lang='lat' dir='ltr'><strong>per</strong></span> <span class='ocrx_word' id='word_1_189' title='bbox 832 2258 993 2317; x_wconf 88' lang='lat' dir='ltr'><strong>interiores</strong></span> <span class='ocrx_word' id='word_1_190' title='bbox 1011 2263 1137 2337; x_wconf 90' lang='lat' dir='ltr'><strong>meatus,</strong></span> 
     </span>
     <span class='ocr_line' id='line_1_25' title="bbox 119 2343 1136 2424; baseline 0.001 -20"><span class='ocrx_word' id='word_1_191' title='bbox 119 2344 151 2404; x_wconf 94' lang='lat' dir='ltr'><strong>id</strong></span> <span class='ocrx_word' id='word_1_192' title='bbox 166 2351 213 2404; x_wconf 91' lang='lat' dir='ltr'><strong>est</strong></span> <span class='ocrx_word' id='word_1_193' title='bbox 226 2362 281 2423; x_wconf 90' lang='lat' dir='ltr'><strong>per</strong></span> <span class='ocrx_word' id='word_1_194' title='bbox 295 2343 547 2424; x_wconf 66' lang='lat' dir='ltr'><strong>haemorrhoidas</strong></span> <span class='ocrx_word' id='word_1_195' title='bbox 565 2344 643 2405; x_wconf 87' lang='lat' dir='ltr'><strong>fluor</strong></span> <span class='ocrx_word' id='word_1_196' title='bbox 658 2346 770 2406; x_wconf 90' lang='lat' dir='ltr'><strong>multus</strong></span> <span class='ocrx_word' id='word_1_197' title='bbox 785 2356 910 2406; x_wconf 88' lang='lat' dir='ltr'><strong>emanat.</strong></span> <span class='ocrx_word' id='word_1_198' title='bbox 933 2345 1136 2406; x_wconf 79' lang='lat' dir='ltr'><strong>Articulorum</strong></span> 
     </span>
     <span class='ocr_line' id='line_1_26' title="bbox 77 2432 1135 2514; baseline 0.007 -27"><span class='ocrx_word' id='word_1_199' title='bbox 77 2447 241 2513; x_wconf 74' lang='lat' dir='ltr'><strong>aequoque</strong></span> <span class='ocrx_word' id='word_1_200' title='bbox 264 2432 396 2513; x_wconf 85' lang='lat' dir='ltr'><strong>morbus,</strong></span> <span class='ocrx_word' id='word_1_201' title='bbox 421 2450 509 2511; x_wconf 89' lang='lat' dir='ltr'><strong>quem</strong></span> <span class='ocrx_word' id='word_1_202' title='bbox 530 2433 635 2494; x_wconf 88' lang='lat' dir='ltr'><strong>Graeci</strong></span> <span class='ocrx_word' id='word_1_203' title='bbox 653 2434 802 2494; x_wconf 89' lang='lat' dir='ltr'><strong>arthritim</strong></span> <span class='ocrx_word' id='word_1_204' title='bbox 823 2441 938 2514; x_wconf 82' lang='lat' dir='ltr'><strong>vocant,</strong></span> <span class='ocrx_word' id='word_1_205' title='bbox 962 2436 1051 2495; x_wconf 90' lang='lat' dir='ltr'><strong>istinc</strong></span> <span class='ocrx_word' id='word_1_206' title='bbox 1071 2451 1135 2495; x_wconf 90' lang='lat' dir='ltr'><strong>ore·</strong></span> 
     </span>
     <span class='ocr_line' id='line_1_27' title="bbox 119 2520 1170 2601; baseline -0.003 -19"><span class='ocrx_word' id='word_1_207' title='bbox 119 2528 196 2583; x_wconf 90' lang='lat' dir='ltr'><strong>atur.</strong></span> <span class='ocrx_word' id='word_1_208' title='bbox 239 2520 314 2582; x_wconf 85' lang='lat' dir='ltr'><strong>Cum</strong></span> <span class='ocrx_word' id='word_1_209' title='bbox 337 2540 407 2581; x_wconf 89' lang='lat' dir='ltr'><strong>vero</strong></span> <span class='ocrx_word' id='word_1_210' title='bbox 431 2540 467 2581; x_wconf 90' lang='lat' dir='ltr'><strong>ex</strong></span> <span class='ocrx_word' id='word_1_211' title='bbox 490 2524 587 2583; x_wconf 88' lang='lat' dir='ltr'><strong>vesica</strong></span> <span class='ocrx_word' id='word_1_212' title='bbox 611 2524 738 2583; x_wconf 88' lang='lat' dir='ltr'><strong>inminet</strong></span> <span class='ocrx_word' id='word_1_213' title='bbox 760 2525 844 2601; x_wconf 90' lang='lat' dir='ltr'><strong>origo</strong></span> <span class='ocrx_word' id='word_1_214' title='bbox 864 2525 1004 2583; x_wconf 87' lang='lat' dir='ltr'><strong>vitiorum</strong></span> <span class='ocrx_word' id='word_1_215' title='bbox 1023 2531 1053 2582; x_wconf 91' lang='lat' dir='ltr'><strong>et</strong></span> <span class='ocrx_word' id='word_1_216' title='bbox 1071 2525 1136 2601; x_wconf 90' lang='lat' dir='ltr'><strong>ipsa</strong></span> <span class='ocrx_word' id='word_1_217' title='bbox 1154 2530 1170 2579; x_wconf 86' lang='lat'><strong>6</strong></span> 
     </span>
     <span class='ocr_line' id='line_1_28' title="bbox 120 2609 1135 2692; baseline -0.002 -21"><span class='ocrx_word' id='word_1_218' title='bbox 120 2629 180 2671; x_wconf 93' lang='lat' dir='ltr'><strong>non</strong></span> <span class='ocrx_word' id='word_1_219' title='bbox 199 2613 297 2671; x_wconf 89' lang='lat' dir='ltr'><strong>minus</strong></span> <span class='ocrx_word' id='word_1_220' title='bbox 317 2612 414 2670; x_wconf 89' lang='lat' dir='ltr'><strong>causis</strong></span> <span class='ocrx_word' id='word_1_221' title='bbox 433 2609 571 2688; x_wconf 91' lang='lat' dir='ltr'><strong>pluribus</strong></span> <span class='ocrx_word' id='word_1_222' title='bbox 590 2628 711 2692; x_wconf 91' lang='lat' dir='ltr'><strong>nocens,</strong></span> <span class='ocrx_word' id='word_1_223' title='bbox 730 2610 777 2670; x_wconf 90' lang='lat' dir='ltr'><strong>his</strong></span> <span class='ocrx_word' id='word_1_224' title='bbox 801 2609 1068 2689; x_wconf 88' lang='lat' dir='ltr'><strong>significationibus</strong></span> <span class='ocrx_word' id='word_1_225' title='bbox 1091 2612 1135 2670; x_wconf 90' lang='lat' dir='ltr'><strong>in·</strong></span> 
     </span>
     <span class='ocr_line' id='line_1_29' title="bbox 119 2697 1135 2780; baseline 0 -21"><span class='ocrx_word' id='word_1_226' title='bbox 119 2698 280 2777; x_wconf 89' lang='lat' dir='ltr'><strong>tellegitur.</strong></span> <span class='ocrx_word' id='word_1_227' title='bbox 313 2698 427 2759; x_wconf 88' lang='lat' dir='ltr'><strong>lnflatio</strong></span> <span class='ocrx_word' id='word_1_228' title='bbox 447 2701 561 2759; x_wconf 91' lang='lat' dir='ltr'><strong>vesicae</strong></span> <span class='ocrx_word' id='word_1_229' title='bbox 581 2697 674 2780; x_wconf 90' lang='lat' dir='ltr'><strong>adest,</strong></span> <span class='ocrx_word' id='word_1_230' title='bbox 694 2698 769 2759; x_wconf 91' lang='lat' dir='ltr'><strong>solet</strong></span> <span class='ocrx_word' id='word_1_231' title='bbox 791 2701 920 2759; x_wconf 92' lang='lat' dir='ltr'><strong>enimin</strong></span> <span class='ocrx_word' id='word_1_232' title='bbox 940 2717 1004 2759; x_wconf 90' lang='lat' dir='ltr'><strong>eam</strong></span> <span class='ocrx_word' id='word_1_233' title='bbox 1022 2698 1135 2759; x_wconf 92' lang='lat' dir='ltr'><strong>multus</strong></span> 
     </span>
     <span class='ocr_line' id='line_1_30' title="bbox 120 2787 1134 2869; baseline 0 -21"><span class='ocrx_word' id='word_1_234' title='bbox 120 2806 157 2848; x_wconf 85' lang='lat' dir='ltr'><strong>ex</strong></span> <span class='ocrx_word' id='word_1_235' title='bbox 180 2787 238 2848; x_wconf 84' lang='lat' dir='ltr'><strong>alvi</strong></span> <span class='ocrx_word' id='word_1_236' title='bbox 260 2796 360 2848; x_wconf 88' lang='lat' dir='ltr'><strong>meatu</strong></span> <span class='ocrx_word' id='word_1_237' title='bbox 382 2796 488 2848; x_wconf 88' lang='lat' dir='ltr'><strong>ventus</strong></span> <span class='ocrx_word' id='word_1_238' title='bbox 511 2788 631 2869; x_wconf 88' lang='lat' dir='ltr'><strong>inmitti,</strong></span> <span class='ocrx_word' id='word_1_239' title='bbox 658 2789 727 2848; x_wconf 92' lang='lat' dir='ltr'><strong>inde</strong></span> <span class='ocrx_word' id='word_1_240' title='bbox 750 2788 872 2849; x_wconf 89' lang='lat' dir='ltr'><strong>adsidua</strong></span> <span class='ocrx_word' id='word_1_241' title='bbox 896 2790 1037 2869; x_wconf 87' lang='lat' dir='ltr'><strong>ructatio,</strong></span> <span class='ocrx_word' id='word_1_242' title='bbox 1065 2789 1134 2848; x_wconf 90' lang='lat' dir='ltr'><strong>inde</strong></span> 
     </span>
     <span class='ocr_line' id='line_1_31' title="bbox 80 2877 1133 2959; baseline 0.006 -28"><span class='ocrx_word' id='word_1_243' title='bbox 80 2891 105 2931; x_wconf 83' lang='lat' dir='ltr'><strong>eo</strong></span> <span class='ocrx_word' id='word_1_244' title='bbox 119 2878 339 2937; x_wconf 89' lang='lat' dir='ltr'><strong>incontinentes</strong></span> <span class='ocrx_word' id='word_1_245' title='bbox 358 2878 491 2955; x_wconf 91' lang='lat' dir='ltr'><strong>crepitus</strong></span> <span class='ocrx_word' id='word_1_246' title='bbox 511 2885 684 2957; x_wconf 89' lang='lat' dir='ltr'><strong>egeruntur,</strong></span> <span class='ocrx_word' id='word_1_247' title='bbox 706 2877 776 2937; x_wconf 92' lang='lat' dir='ltr'><strong>inde</strong></span> <span class='ocrx_word' id='word_1_248' title='bbox 795 2879 892 2955; x_wconf 85' lang='lat' dir='ltr'><strong>gravis</strong></span> <span class='ocrx_word' id='word_1_249' title='bbox 912 2896 1044 2959; x_wconf 91' lang='lat' dir='ltr'><strong>somnus,</strong></span> <span class='ocrx_word' id='word_1_250' title='bbox 1065 2878 1133 2937; x_wconf 91' lang='lat' dir='ltr'><strong>inde</strong></span> 
     </span>
     <span class='ocr_line' id='line_1_32' title="bbox 119 2964 1135 3045; baseline 0.001 -19"><span class='ocrx_word' id='word_1_251' title='bbox 119 2968 206 3026; x_wconf 90' lang='lat' dir='ltr'><strong>urina</strong></span> <span class='ocrx_word' id='word_1_252' title='bbox 226 2964 345 3025; x_wconf 89' lang='lat' dir='ltr'><strong>sordida</strong></span> <span class='ocrx_word' id='word_1_253' title='bbox 364 2972 394 3025; x_wconf 92' lang='lat' dir='ltr'><strong>et</strong></span> <span class='ocrx_word' id='word_1_254' title='bbox 410 2965 468 3026; x_wconf 92' lang='lat' dir='ltr'><strong>diri</strong></span> <span class='ocrx_word' id='word_1_255' title='bbox 482 2964 582 3025; x_wconf 88' lang='lat' dir='ltr'><strong>odoris</strong></span> <span class='ocrx_word' id='word_1_256' title='bbox 598 2968 730 3043; x_wconf 90' lang='lat' dir='ltr'><strong>egeritur</strong></span> <span class='ocrx_word' id='word_1_257' title='bbox 745 2974 775 3026; x_wconf 92' lang='lat' dir='ltr'><strong>et</strong></span> <span class='ocrx_word' id='word_1_258' title='bbox 790 2969 869 3039; x_wconf 82' lang='lat' dir='ltr'><strong>cirea</strong></span> <span class='ocrx_word' id='word_1_259' title='bbox 883 2966 1020 3045; x_wconf 89' lang='lat' dir='ltr'><strong>genitalia</strong></span> <span class='ocrx_word' id='word_1_260' title='bbox 1034 2975 1135 3027; x_wconf 90' lang='lat' dir='ltr'><strong>tumor</strong></span> 
     </span>
     <span class='ocr_line' id='line_1_33' title="bbox 120 3052 1134 3132; baseline 0.002 -19"><span class='ocrx_word' id='word_1_261' title='bbox 120 3056 225 3132; x_wconf 90' lang='lat' dir='ltr'><strong>surgit.</strong></span> <span class='ocrx_word' id='word_1_262' title='bbox 263 3052 316 3113; x_wconf 88' lang='lat' dir='ltr'><strong>His</strong></span> <span class='ocrx_word' id='word_1_263' title='bbox 339 3071 410 3132; x_wconf 90' lang='lat' dir='ltr'><strong>ergo</strong></span> <span class='ocrx_word' id='word_1_264' title='bbox 434 3053 646 3115; x_wconf 90' lang='lat' dir='ltr'><strong>animadversis</strong></span> <span class='ocrx_word' id='word_1_265' title='bbox 670 3053 721 3115; x_wconf 90' lang='lat' dir='ltr'><strong>tali</strong></span> <span class='ocrx_word' id='word_1_266' title='bbox 740 3057 798 3115; x_wconf 90' lang='lat' dir='ltr'><strong>erit</strong></span> <span class='ocrx_word' id='word_1_267' title='bbox 817 3055 1052 3117; x_wconf 91' lang='lat' dir='ltr'><strong>subveniendum</strong></span> <span class='ocrx_word' id='word_1_268' title='bbox 1071 3073 1134 3115; x_wconf 93' lang='lat' dir='ltr'><strong>me·</strong></span> 
     </span>
    </p>
   </div>
   <div class='ocr_carea' id='block_1_3' title="bbox 118 3224 1221 3565">
    <p class='ocr_par' dir='ltr' id='par_1_3' title="bbox 118 3224 1221 3565">
     <span class='ocr_line' id='line_1_34' title="bbox 193 3224 1134 3295; baseline 0.003 -18"><span class='ocrx_word' id='word_1_269' title='bbox 193 3224 318 3295; x_wconf 83' lang='lat' dir='ltr'><strong>letrae]</strong></span> <span class='ocrx_word' id='word_1_270' title='bbox 337 3224 456 3279; x_wconf 84' lang='lat' dir='ltr'><strong>adtrahi.</strong></span> <span class='ocrx_word' id='word_1_271' title='bbox 548 3224 675 3280; x_wconf 85' lang='lat' dir='ltr'><strong>3acutis</strong></span> <span class='ocrx_word' id='word_1_272' title='bbox 693 3242 743 3281; x_wconf 80' lang='lat' dir='ltr'><strong>orn.</strong></span> <span class='ocrx_word' id='word_1_273' title='bbox 828 3231 861 3280; x_wconf 84' lang='lat'><strong>13</strong></span> <span class='ocrx_word' id='word_1_274' title='bbox 879 3227 1001 3281; x_wconf 84' lang='lat' dir='ltr'><strong>medella</strong></span> <span class='ocrx_word' id='word_1_275' title='bbox 1014 3231 1063 3281; x_wconf 76' lang='lat' dir='ltr'><strong>lm</strong></span> <span class='ocrx_word' id='word_1_276' title='bbox 1076 3242 1134 3280; x_wconf 92' lang='lat' dir='ltr'><strong>me·</strong></span> 
     </span>
     <span class='ocr_line' id='line_1_35' title="bbox 121 3294 1221 3366; baseline 0.002 -17"><span class='ocrx_word' id='word_1_277' title='bbox 121 3294 186 3350; x_wconf 84' lang='lat' dir='ltr'><strong>dela</strong></span> <span class='ocrx_word' id='word_1_278' title='bbox 203 3300 255 3351; x_wconf 77' lang='lat' dir='ltr'><strong>2m</strong></span> <span class='ocrx_word' id='word_1_279' title='bbox 274 3296 306 3349; x_wconf 80' lang='lat' dir='ltr'><strong>in</strong></span> <span class='ocrx_word' id='word_1_280' title='bbox 323 3312 380 3351; x_wconf 74' lang='lat' dir='ltr'><strong>aaa.</strong></span> <span class='ocrx_word' id='word_1_281' title='bbox 482 3296 660 3350; x_wconf 79' lang='lat' dir='ltr'><strong>1rbib11m</strong></span> <span class='ocrx_word' id='word_1_282' title='bbox 682 3295 858 3352; x_wconf 81' lang='lat' dir='ltr'><strong>bibere2m.</strong></span> <span class='ocrx_word' id='word_1_283' title='bbox 944 3297 1018 3351; x_wconf 90' lang='lat' dir='ltr'><strong>huno</strong></span> <span class='ocrx_word' id='word_1_284' title='bbox 1036 3300 1134 3366; x_wconf 75' lang='lat' dir='ltr'><strong>(saepae</strong></span> <span class='ocrx_word' id='word_1_285' title='bbox 1219 3307 1221 3310; x_wconf 85' lang='grc'><strong>’</strong></span> 
     </span>
     <span class='ocr_line' id='line_1_36' title="bbox 119 3366 1134 3436; baseline 0.001 -15"><span class='ocrx_word' id='word_1_286' title='bbox 119 3368 232 3433; x_wconf 74' lang='lat' dir='ltr'><strong>lineam)</strong></span> <span class='ocrx_word' id='word_1_287' title='bbox 252 3366 374 3422; x_wconf 89' lang='lat' dir='ltr'><strong>modum.</strong></span> <span class='ocrx_word' id='word_1_288' title='bbox 426 3372 458 3420; x_wconf 88' lang='lat'><strong>18</strong></span> <span class='ocrx_word' id='word_1_289' title='bbox 478 3366 600 3421; x_wconf 82' lang='lat' dir='ltr'><strong>ciliaona.</strong></span> <span class='ocrx_word' id='word_1_290' title='bbox 652 3373 687 3421; x_wconf 79' lang='lat'><strong>20</strong></span> <span class='ocrx_word' id='word_1_291' title='bbox 706 3368 811 3423; x_wconf 85' lang='lat' dir='ltr'><strong>orietur</strong></span> <span class='ocrx_word' id='word_1_292' title='bbox 825 3367 987 3436; x_wconf 66' lang='grc' dir='ltr'><strong>διερὴαηαε.</strong></span> <span class='ocrx_word' id='word_1_293' title='bbox 1038 3374 1071 3422; x_wconf 82' lang='lat'><strong>21</strong></span> <span class='ocrx_word' id='word_1_294' title='bbox 1087 3383 1134 3422; x_wconf 90' lang='lat' dir='ltr'><strong>en·</strong></span> 
     </span>
     <span class='ocr_line' id='line_1_37' title="bbox 118 3436 1134 3507; baseline 0 -16"><span class='ocrx_word' id='word_1_295' title='bbox 118 3436 315 3507; x_wconf 84' lang='lat' dir='ltr'><strong>pneumatisin.</strong></span> <span class='ocrx_word' id='word_1_296' title='bbox 396 3436 733 3494; x_wconf 81' lang='lat' dir='ltr'><strong>·feciai1mficiei2m.</strong></span> <span class='ocrx_word' id='word_1_297' title='bbox 823 3444 856 3492; x_wconf 79' lang='lat'><strong>22</strong></span> <span class='ocrx_word' id='word_1_298' title='bbox 877 3439 933 3493; x_wconf 85' lang='lat' dir='ltr'><strong>scie</strong></span> <span class='ocrx_word' id='word_1_299' title='bbox 953 3445 1001 3494; x_wconf 77' lang='lat' dir='ltr'><strong>Im</strong></span> <span class='ocrx_word' id='word_1_300' title='bbox 1019 3438 1134 3493; x_wconf 83' lang='lat' dir='ltr'><strong>sciatica</strong></span> 
     </span>
     <span class='ocr_line' id='line_1_38' title="bbox 119 3506 1133 3565; baseline 0 -2"><span class='ocrx_word' id='word_1_301' title='bbox 119 3511 180 3563; x_wconf 79' lang='lat' dir='ltr'><strong>2m.</strong></span> <span class='ocrx_word' id='word_1_302' title='bbox 222 3506 485 3563; x_wconf 73' lang='lat' dir='ltr'><strong>assamonhoidas.</strong></span> <span class='ocrx_word' id='word_1_303' title='bbox 528 3509 721 3565; x_wconf 76' lang='lat' dir='ltr'><strong>25arctrisim.</strong></span> <span class='ocrx_word' id='word_1_304' title='bbox 766 3510 951 3565; x_wconf 70' lang='lat' dir='ltr'><strong>assuescere.</strong></span> <span class='ocrx_word' id='word_1_305' title='bbox 998 3509 1073 3563; x_wconf 90' lang='lat' dir='ltr'><strong>enim</strong></span> <span class='ocrx_word' id='word_1_306' title='bbox 1082 3526 1133 3564; x_wconf 88' lang='lat' dir='ltr'><strong>om.</strong></span> 
     </span>
    </p>
   </div>
   <div class='ocr_carea' id='block_1_4' title="bbox 0 0 1310 4017">
    <p class='ocr_par' dir='ltr' id='par_1_4' title="bbox 0 0 1310 4017">
     <span class='ocr_line' id='line_1_39' title="bbox 0 0 1310 4017; baseline 0 3"><span class='ocrx_word' id='word_1_307' title='bbox 0 0 1310 4017; x_wconf 95' lang='lat' dir='ltr'><strong> </strong></span> 
     </span>
    </p>
   </div>
  </div>
 </body>
</html>
