2609 4017
484 189 725 254 -121-

89 354 168 412 riam
189 354 218 412 si
231 355 299 431 quis
318 351 545 413 commandncet
562 359 594 412 et
611 350 739 412 subinde
758 353 904 432 pituitam,
923 352 953 412 id
968 360 1014 413 est
1028 370 1109 412 umo-

90 459 158 501 rem
181 443 320 517 noxium,
348 449 470 521 expuat,
497 440 544 501 rel
571 440 723 501 marrubio
747 443 827 501 sicco
851 448 977 501 contuso
1001 448 1032 501 et
1053 444 1110 501 cri-

88 529 188 611 blato,
211 531 239 590 si
263 532 330 609 quis
353 530 473 590 dentem
497 547 565 590 cum
589 531 717 609 gingivis
740 537 829 609 tegat
875 529 958 590 Facit
981 529 1057 590 bene
1080 538 1146 591 ett

90 636 180 700 aqna,
204 620 236 678 iu
260 637 318 697 qua
342 618 528 679 marrubium
551 627 670 679 coctum
694 630 748 696 est,
771 619 840 680 cuth
862 637 897 678 os
916 618 1023 698 aliquis
1041 617 1111 679 inde

64 707 249 788 scolluerit3
278 709 351 769 item
373 706 548 768 mdelolium
571 706 849 769 commanducatum
878 706 924 768 rel
951 725 1111 770 ammones

90 796 207 856 herbae
230 796 314 856 radix
338 814 406 857 cum
430 798 495 875 pari
517 796 649 875 pondere
677 796 728 857 lici
755 797 998 857 commanducata
1022 798 1111 876 pitui-

91 896 156 946 tam
175 885 310 947 dentium
329 884 467 946 detrahit.
495 884 626 946 Cornum
644 887 799 946 cervinum
812 884 993 946 conbustum
1006 887 1111 946 tritum
1130 898 1147 947 8

92 992 164 1034 cum
189 983 274 1034 aceto
293 973 433 1035 dentibus
451 973 620 1054 adpositum
638 972 769 1052 prodest.
799 972 893 1034 Radix
912 973 1023 1053 lapathi
1042 992 1110 1035 cum
1129 987 1145 1036 9

90 1065 165 1123 vino
194 1072 279 1123 cocta
306 1063 352 1123 rel
379 1062 465 1123 taeda
491 1064 612 1142 pinguis
638 1064 756 1123 incocta
779 1070 862 1124 aceto
886 1062 933 1124 rel
957 1065 1112 1143 papaveris

50 1180 78 1219 ιι
91 1154 196 1230 capita
222 1160 254 1212 et
281 1160 384 1212 cortex
413 1152 482 1212 mali
510 1150 615 1211 Punici
642 1153 707 1230 pari
734 1152 865 1232 pondere
895 1153 963 1212 rino
995 1154 1112 1212 incocta

91 1240 143 1301 vel
166 1239 324 1320 tithymalli
346 1240 430 1300 radix
454 1239 590 1301 similitor
613 1258 683 1301 cnm
705 1242 772 1301 vino
799 1250 884 1302 cocta
906 1241 953 1302 vel
976 1241 1111 1320 colocyn-

91 1328 198 1390 thidas
216 1331 360 1390 interiora
378 1347 447 1390 cum
465 1329 541 1390 laete
560 1337 591 1389 et
607 1337 692 1391 aceto
706 1331 772 1408 pari
785 1347 925 1391 mensura
939 1331 1009 1391 trita
1024 1338 1112 1408 atque

91 1419 245 1497 permixta
271 1416 319 1479 vel
345 1418 449 1478 alterci
475 1418 559 1478 radix
586 1435 656 1478 cum
684 1426 768 1479 aceto
796 1426 879 1480 cocta
908 1419 954 1479 vel
977 1420 1114 1498 capparis

92 1508 182 1568 radix
206 1515 291 1568 cocta
309 1524 378 1568 cum
396 1515 480 1568 aceto
497 1515 599 1568 vetere
617 1507 665 1568 rel
683 1508 765 1568 iunci
783 1507 876 1588 radix,
900 1526 989 1587 quarn
1007 1507 1114 1568 Graeci

51 1623 78 1663 15
93 1613 230 1676 cyperon
244 1596 400 1676 appellant,
417 1596 465 1656 rel
481 1595 654 1657 cucurbitae
669 1596 761 1676 radix,
781 1614 868 1675 qnam
888 1596 966 1656 idem
982 1596 1114 1656 sonchon

92 1683 260 1765 appellant,
283 1685 329 1745 vel
351 1684 527 1764 pyrethrum
550 1685 829 1746 commanducatum
852 1684 1010 1745 adversum
1034 1683 1114 1743 dolo·

93 1792 162 1834 rem
183 1773 318 1834 dentium
335 1774 497 1852 plurimum
514 1782 651 1854 prosunt,
674 1775 702 1834 si
720 1781 750 1834 et
768 1791 844 1852 aqua
863 1775 936 1853 ipsa,
956 1791 1013 1852 qua
1032 1774 1112 1833 inco·

95 1871 220 1943 cuntur,
243 1881 295 1924 ore
318 1871 463 1923 teneatur.
500 1863 596 1924 Rosae
613 1862 698 1922 lloris
717 1862 796 1942 quod
816 1870 863 1922 est
880 1862 995 1923 luteum
1013 1859 1115 1941 nvn,
1135 1875 1167 1922 ιο

95 1954 344 2031 crocomagmatis
358 1951 384 2011 li
398 1950 472 2033 Vlll,
490 1970 606 2031 myrrae
621 1951 647 2011 li
661 1950 734 2030 Vlll,
751 1950 843 2030 gallae
859 1950 996 2031 Syriacae
1010 1949 1036 2010 ll
1049 1948 1113 2030 llll,

54 2069 81 2109 ιο
96 2041 146 2100 his
170 2042 202 2100 in
225 2059 319 2101 unnim
342 2042 443 2101 mixtis
465 2048 496 2100 ct
518 2043 599 2101 tritis
622 2042 668 2101 nti
690 2049 809 2119 oportet
828 2042 925 2121 siecle,
949 2051 983 2101 ut
1002 2058 1037 2100 ex
1056 2039 1113 2099 hoc

96 2129 224 2208 pulvere
242 2131 375 2209 gingivae
394 2129 517 2191 adsidue
536 2129 700 2209 dentesque
719 2138 888 2209 tangantur.
921 2129 1016 2190 Rosae
1032 2128 1113 2206 lapil·
1135 2141 1167 2188 11

97 2219 145 2278 los
168 2217 216 2279 rel
238 2236 338 2300 grana,
362 2221 488 2298 quaein
507 2218 646 2279 folliculis
665 2221 729 2279 eius
750 2228 854 2298 postea
874 2237 961 2298 quam
980 2236 1046 2278 esse
1066 2217 1115 2277 de-

98 2309 187 2367 sierit
205 2309 407 2388 inveniuntur,
426 2307 539 2368 assabis
558 2316 589 2368 et
606 2309 638 2367 in
656 2307 809 2386 pulverem
829 2307 948 2385 rediges
962 2307 997 2367 ad
1013 2305 1039 2366 ll
1053 2304 1116 2384 llll,

98 2396 184 2456 iloris
207 2414 327 2475 quoque
350 2398 415 2457 eius
439 2398 512 2456 sicci
535 2395 561 2455 li
583 2394 624 2476 11,
651 2415 769 2476 myrrae
792 2396 818 2456 li
841 2396 854 2455 l
882 2397 940 2456 teri
967 2396 1058 2456 lacies
1086 2405 1117 2454 et

55 2507 85 2552 25
99 2487 182 2545 sicco
206 2484 328 2564 pulvere
347 2486 505 2547 adversum
523 2485 656 2547 dolorem
675 2485 773 2545 dentis
792 2486 887 2545 uteris
909 2487 960 2564 ita,
980 2492 1013 2544 ut
1032 2484 1116 2562 prius

99 2593 135 2634 os
163 2573 276 2635 colluas
304 2582 387 2634 aceto
412 2573 489 2635 salso
512 2574 622 2653 tepido.
664 2573 759 2633 Rosae
782 2575 904 2633 caninae
929 2573 1002 2650 soci,
1028 2583 1169 2650 qnam1e

99 2662 208 2723 Graeci
230 2663 447 2742 cynorrhodam
466 2671 581 2743 vocant,
604 2661 654 2723 vel·
669 2662 763 2742 ipsius
782 2660 892 2720 herbae
911 2659 1020 2719 radicis
1040 2658 1066 2718 ll
1082 2658 1117 2738 ll,

99 2751 160 2831 lyci
187 2750 214 2812 X
239 2750 253 2810 l
280 2770 348 2812 oum
375 2753 445 2812 rino
474 2760 594 2813 austero
622 2752 711 2830 coqui
739 2749 830 2809 facies
859 2759 889 2808 et
919 2749 1030 2809 adicies
1057 2747 1117 2808 alu-

100 2841 191 2900 minis
210 2839 237 2900 lt
254 2838 317 2920 llll,
340 2859 457 2920 myrrae
477 2839 503 2900 X
521 2839 534 2899 l
552 2839 638 2901 etde
658 2840 825 2918 saepiarum
844 2839 930 2898 testis
949 2856 1024 2916 qnae
1048 2845 1119 2898 sunt

60 2963 88 3002 ω
101 2930 246 2990 interiora
269 2927 295 2988 X
314 2929 355 3010 ll·
378 2929 426 2990 his
448 2930 529 2989 tritis
552 2938 582 2989 et
604 2931 635 2988 in
659 2946 753 2988 unum
772 2929 995 3006 concorporatis
1014 2926 1118 2987 dentes

102 3026 134 3077 et
160 3019 295 3095 gingivas
324 3020 492 3097 continges,
519 3025 588 3094 post
616 3015 674 3076 hoc
702 3018 770 3076 vino
797 3025 916 3076 austero
940 3034 974 3076 os
998 3015 1113 3077 collues

102 3105 211 3184 Cyperi
230 3103 255 3164 i
273 3103 348 3185 Vlll,
371 3105 549 3166 sandaracae
572 3102 599 3163 Χ
616 3102 677 3182 Vll,
700 3103 792 3181 gallae
811 3104 885 3163 duas
904 3113 1014 3184 partes,
1036 3107 1117 3183 pipe-
1139 3116 1171 3164 13

102 3195 145 3253 ris
173 3191 233 3252 albi
260 3191 286 3253 X
304 3190 331 3273 1
359 3193 498 3254 aluminis
521 3192 585 3251 lissi
607 3190 691 3272 llll,
718 3210 834 3271 myrrae
859 3190 944 3273 llll,
972 3202 1002 3252 et
1029 3191 1172 3252 huius

102 3282 314 3342 medicamenti
332 3282 437 3342 similis
458 3290 504 3342 est
523 3299 596 3341 usus
615 3282 693 3340 sicut
712 3282 886 3360 superioris,
905 3290 938 3340 ut
956 3282 1036 3340 sicco
1055 3279 1118 3358 pul·

173 3419 359 3497 ttumorem.
444 3409 629 3471 hmerrurio.
712 3413 926 3470 tmarrnrium
1018 3420 1119 3467 bene-

103 3486 205 3544 monis.
298 3486 472 3543 lh‘itubum
570 3490 603 3540 lb
621 3487 760 3611 cyperon}
777 3485 895 3540 scorion.
982 3483 1118 3566 sonchon]

104 3575 215 3614 ecocon
271 3564 305 3614 it
320 3558 530 3628 cynocybidam3
548 3575 587 3612 on
600 3555 743 3627 hypocisti
763 3557 850 3626 a(m)?
895 3561 929 3609 32
949 3554 1118 3610 sandaricae
