2609 4017
484 198 726 264 -335-

94 361 223 443 lepidos,
246 361 422 443 chalcanthi,
446 353 651 442 <stypieriae>
676 362 816 442 schistos,
841 361 915 423 haec
938 363 1008 423 trita
1031 381 1111 423 men·

94 454 180 513 suris
207 450 330 531 paribus
354 450 436 512 melli
458 452 632 530 despumato
655 453 747 512 mixta
769 450 806 510 ad
830 469 918 513 usum
940 451 1111 513 huiusmodi

95 538 306 602 servabuntur.

188 629 232 690 Ad
252 631 417 709 syringium
435 629 600 690 remedium
619 629 737 690 efficax:
755 629 855 690 Olivae
870 629 1028 690 medullam
1042 648 1111 690 cum
1129 640 1165 690 52

67 720 212 780 osemine
236 736 344 779 avenae
366 720 469 797 aequis
487 718 677 796 portionibus
696 726 776 779 teres
794 725 824 779 et
841 718 994 798 pulverem
1013 721 1111 798 ipsum

96 826 175 886 aqua
203 807 324 868 caelesti
351 825 531 886 consperges
559 807 711 886 faciesque
739 825 773 867 ex
803 825 838 867 ec
869 807 1001 888 collyria,
1036 826 1111 887 qnae

96 988 129 1046 in
158 984 305 1064 profundo
333 986 446 1066 positas
474 985 553 1046 ioras
584 985 767 1067 producent,
799 993 832 1045 ut
864 992 968 1062 postea
995 986 1112 1066 possint

96 1072 293 1135 medicamine
316 1073 429 1134 leniore
453 1074 559 1134 sanari.

55 1180 82 1219 ιο
188 1163 366 1224 intestinum
383 1171 548 1224 extremum
563 1161 674 1241 quibus
686 1163 837 1242 prominet
850 1168 881 1222 et
894 1161 1020 1242 excedit,
1039 1180 1111 1241 qno·
1130 1172 1164 1222 53

96 1253 177 1313 tiens
196 1253 386 1333 processerit,
404 1254 515 1313 totiens
533 1253 601 1311 vino
620 1250 725 1332 calido,
743 1252 775 1310 in
794 1269 853 1330 qno
871 1249 964 1311 herba
982 1250 1112 1311 verbena

97 1348 184 1402 cocta
207 1340 311 1421 inerit,
335 1340 464 1401 admixto
488 1341 571 1401 tenui
594 1339 682 1400 lixivo
706 1339 797 1400 lavari
821 1339 979 1420 oportebit.
1021 1339 1111 1400 Prod-

97 1437 146 1490 est
169 1437 199 1490 et
220 1428 293 1489 illud
317 1431 383 1508 pice
406 1429 516 1509 liquida
539 1446 730 1507 perunguere
758 1438 788 1489 et
813 1430 856 1489 sic
879 1431 1042 1489 introrsum
1066 1447 1112 1488 re·

97 1518 183 1600 pelii3
205 1517 282 1578 bene
305 1519 375 1578 iacit
397 1518 434 1578 ad
456 1517 514 1578 hoc
537 1524 566 1578 et
588 1520 665 1578 cinis
684 1535 719 1577 ex
740 1525 889 1578 sarmento
908 1517 1004 1578 iactus
1022 1525 1111 1596 atque

56 1622 83 1663 1a
99 1607 249 1669 cribratus
273 1608 431 1686 siccusque
453 1608 622 1687 inspersus3
649 1604 768 1666 alumen
792 1623 910 1684 quoquc
933 1607 1037 1666 fissum
1060 1608 1111 1666 tri-

98 1705 163 1757 tum
187 1697 283 1757 eidem
307 1694 372 1756 ioco
394 1696 566 1774 impositum
590 1694 752 1774 plurimum
777 1694 907 1772 prodest.

496 1888 575 1950 cir.
599 1886 717 1949 XXXII.

96 2002 269 2060 Paniouiis
301 2006 336 2058 et
367 2001 564 2072 inguinibus
597 2005 632 2057 et
663 1999 932 2070 intertriginibus
963 1999 1113 2056 remedie

141 2093 282 2163 physice
305 2094 340 2147 et
361 2090 574 2147 rationabilis
596 2091 731 2147 diverso
754 2091 797 2146 de
821 2089 1071 2160 experimentis.

187 2228 337 2309 Malagma,
362 2226 440 2306 quod
463 2227 585 2288 discutit
608 2235 746 2308 strumas,
768 2227 928 2307 parotidas,
950 2225 1112 2307 paniculas,
1132 2241 1145 2288 1

99 2337 174 2398 quas
198 2317 304 2378 Graeci
326 2314 484 2395 phygethla
503 2324 622 2396 vocant,
646 2335 750 2376 omnes
769 2334 888 2395 quoque
906 2316 1023 2376 futuras
1042 2333 1111 2393 sup·

99 2409 273 2487 puraticnes
297 2405 454 2486 dispergit,
483 2405 575 2465 iacias
599 2423 670 2464 vero
693 2405 801 2485 aperit;
826 2405 897 2464 iacit
920 2410 950 2463 et
972 2403 1007 2463 ad
1032 2403 1112 2463 dolo·

57 2509 85 2548 20
99 2515 162 2556 rem
186 2494 479 2556 amiculamentnrum
503 2495 634 2553 omnium
659 2500 689 2553 et
711 2495 926 2572 iuncturarum,
951 2494 1112 2570 praecipue

98 2586 134 2646 ad
158 2584 328 2646 lumborum
349 2582 481 2643 dolorem
505 2590 594 2660 atque
616 2580 798 2641 inflationem
818 2579 964 2641 stomachi
982 2580 1027 2640 vei
1045 2579 1112 2659 ccii,

98 2674 256 2734 coniicitur
280 2674 336 2732 sic:
359 2671 438 2731 Picis
456 2669 613 2750 Hispanae,
636 2669 811 2750 aphronitri,
834 2671 951 2730 resinae
973 2669 1112 2749 pityinae,

98 2780 198 2842 cerae,
225 2761 302 2821 tauri
325 2759 480 2840 bacarum,
509 2758 694 2838 singulorum
718 2759 855 2819 denarios
880 2755 994 2837 XXXV,
1017 2757 1112 2835 adipis

98 2852 209 2912 taurini
233 2849 258 2910 X
283 2847 342 2930 XV,
370 2849 568 2910 ammoniacae
592 2856 694 2926 guttae
717 2847 743 2908 X
766 2846 826 2928 XV,
849 2848 903 2907 tris
922 2845 948 2906 X
970 2843 1030 2927 XV,
1053 2845 1113 2925 gai-

57 2951 84 2992 25
98 2938 169 3001 bani
191 2936 295 3018 XXV,
317 2939 430 3016 piperis
454 2936 514 2997 albi
536 2935 562 2996 X
581 2936 612 2996 V.
645 2935 727 3007 Quae
746 2936 856 2997 debent
873 2935 1030 3018 liquefieri,
1054 2934 1112 2995 dis-

98 3028 255 3089 solvuntur
281 3029 350 3104 igne
374 3033 405 3086 et
427 3025 491 3086 oleo
516 3027 622 3104 exiguo
650 3025 820 3106 diluuntur,
849 3033 947 3086 cetera
971 3031 1059 3084 tunsa
1082 3031 1113 3084 et

98 3115 228 3177 cribrata
252 3115 328 3175 bene
352 3121 551 3193 asperguntur
574 3116 688 3194 tepenti
711 3114 935 3194 medicamento,
959 3113 1037 3192 quod
1060 3112 1111 3173 diu

98 3205 236 3285 agitando
260 3206 417 3284 miscetur,
441 3201 547 3264 deinde
570 3203 708 3263 manibus
732 3201 890 3284 subigitur,
913 3210 947 3262 ut
969 3201 1112 3277 malagma

98 3295 320 3355 exactissimum
344 3292 404 3353 fiat.

189 3427 434 3483 lealchanthnmi
480 3427 633 3496 eiypieriee
652 3427 758 3482 addidi.
811 3424 922 3480 ehistes.
972 3428 1113 3478 dcccco-

97 3501 162 3556 boio
181 3501 368 3554 servabuntur
386 3500 470 3554 endere·
486 3498 577 3564 deficit
589 3515 674 3568 osque
688 3499 726 3553 ad
739 3514 760 3552 e.
771 3494 949 3562 xxxiiirs.
1015 3500 1048 3549 10
1067 3510 1112 3548 ex-

99 3571 190 3640 cedet,
205 3572 332 3627 correxi·
359 3575 392 3625 18
405 3568 562 3640 phygethle
576 3569 745 3639 Stephanus:
761 3565 937 3639 phygethIon
952 3564 1112 3623 Omoemus.
