2609 4017
575 152 793 215 -46„.

175 324 206 377 et
233 315 365 394 adposita
394 313 539 377 medetur.
580 313 661 375 Idem
688 321 820 392 praestat
842 314 937 374 larina
960 314 1057 392 lupini
1078 317 1195 376 incocti

122 416 155 467 63
175 414 206 467 ct
233 407 296 465 sine
325 405 436 465 cortice
460 404 595 481 inspersa
618 421 687 463 cum
710 404 787 463 vino.
833 402 876 463 Ad
900 404 1068 482 porrigines
1092 403 1192 466 deter-

175 493 285 573 gendas
304 500 388 555 rutae
408 490 583 553 lascieulum
601 501 632 551 et
650 490 777 569 sulphur
796 493 894 552 vivum
913 510 981 551 cum
1000 493 1069 551 vino
1088 502 1191 552 vetere
1290 527 1292 568 Ι

174 581 263 643 simul
286 582 419 659 decoque
443 587 474 640 et
497 588 586 659 caput
609 598 645 641 er
669 597 704 639 eo
728 581 760 639 in
783 578 888 640 balneo
907 580 978 659 lara,
1002 588 1071 641 ante
1090 588 1192 641 tamen
1290 589 1292 637 1

121 682 155 733 64
175 688 250 750 aqua
273 669 381 750 tepida,
405 671 482 730 sicut
505 677 551 730 est
574 667 809 749 consuetudinis,
833 668 908 729 elue.
947 669 992 729 lid
1015 668 1139 747 papulas
1156 672 1221 730 ins
1290 669 1292 698 ³

174 761 270 837 capite
294 758 521 819 effervescentes
545 757 591 817 vel
613 756 745 836 qualibet
766 765 852 836 parte
877 759 1022 837 corporis,
1045 758 1191 825 etiamad

174 849 273 925 ignem
297 864 414 907 sacrum
438 846 513 908 bene
537 846 607 907 lacit
630 845 688 905 hoc
711 845 974 907 medicamentum:
1001 846 1097 908 Rutae
1121 848 1190 907 riri-

174 936 220 995 dis
238 934 269 995 P.
289 934 324 1015 ll,
343 952 464 1013 spumae
484 936 598 1014 argenti
616 933 648 995 P.
662 934 675 993 l
691 933 720 1013 S,
740 936 816 995 aceti
835 932 866 998 fo
881 933 902 1016 1,
921 933 980 1014 olei
998 934 1103 998 viridis
1121 932 1189 995 81.

175 1023 249 1085 Cum
272 1025 347 1085 aceti
368 1032 452 1102 parte
472 1041 577 1103 spuma
596 1032 626 1083 61
644 1031 712 1083 ruta
732 1030 879 1104 teruntur,
902 1024 997 1084 donec
1015 1023 1090 1087 levia
1108 1024 1189 1085 liant.

173 1112 278 1175 Postea
303 1112 382 1191 quod
405 1119 543 1191 superest
566 1114 644 1173 66611
666 1113 797 1172 vicissim
822 1130 890 1176 cum
909 1111 975 1173 oleo
993 1112 1123 1174 adicitur
1142 1111 1187 1173 vel
1203 1130 1233 1169 ro

174 1200 400 1279 superfunditur
423 1200 625 1280 medicamini,
649 1200 723 1261 dum
744 1203 866 1282 teritur,
888 1208 920 1263 et
942 1219 1011 1264 cum
1034 1200 1112 1263 hene
1136 1202 1189 1262 tri-

175 1301 238 1349 tum
262 1298 292 1349 et
314 1291 495 1367 permixtum
518 1291 618 1369 luerit,
641 1298 706 1350 tum
727 1291 881 1368 inponitur
904 1290 978 1351 locis
1000 1291 1188 1352 necessariis.

121 1389 154 1440 66
174 1378 217 1437 hd
245 1376 430 1456 pedunculos
458 1377 607 1439 necandos
633 1377 691 1437 hoc
718 1377 914 1439 medicamine
937 1381 1044 1440 uteris:
1082 1378 1189 1441 Oleum

174 1485 243 1527 cum
270 1466 391 1546 pulvere
421 1468 530 1527 cineris
559 1465 720 1527 cuiuslibet
747 1468 783 1527 de
812 1467 891 1545 ioco,
920 1467 973 1527 sed
999 1466 1076 1529 bene
1103 1470 1188 1546 creti,

172 1558 284 1634 pariter
299 1554 438 1616 miscebis
457 1557 545 1615 etita
564 1562 653 1636 teres,
672 1563 706 1615 ut
725 1558 764 1617 sit
782 1554 818 1615 ad
837 1555 1062 1634 spissitudinem
1079 1555 1229 1635 mellis,1s

119 1656 153 1705 66
172 1652 260 1724 atque
284 1643 352 1705 inde
377 1656 444 1705 cum
468 1662 544 1723 opus
567 1644 668 1725 luerit,
691 1651 780 1722 caput
805 1662 893 1723 unge.
932 1644 977 1705 Ad
1001 1644 1187 1723 pedunculos

171 1736 202 1793 in
230 1736 311 1794 omni
339 1742 423 1811 parte
451 1736 586 1812 corporis
618 1733 767 1795 necandos
800 1733 904 1794 efficax
933 1732 990 1793 hoc
1019 1734 1186 1794 remedium

172 1830 230 1882 est:
267 1821 398 1882 Ellebori
420 1822 530 1882 radicis
553 1824 654 1901 uncia,
683 1821 836 1900 stapbidos
858 1823 957 1901 agriae
979 1824 1068 1885 uncia
1096 1821 1187 1885 simul

171 1912 241 1971 trita
267 1910 443 1988 adiectoque
471 1910 535 1969 oleo
565 1918 661 1971 totum
690 1928 800 1988 corpus
823 1911 1017 1991 perunguito,
1040 1912 1132 1971 etiam
1153 1911 1187 1970 in

117 2010 151 2059 ot
171 1999 282 2059 tunicis
305 1996 500 2059 necabuntur.
540 1998 619 2061 Nitri
642 1998 832 2060 Alexandrini
857 2007 887 2059 et
910 1998 1061 2077 staphidos
1085 2000 1186 2077 agriae
1200 2018 1227 2057 ro

172 2086 293 2165 aequale
317 2085 448 2167 pondus,
474 2086 639 2165 aphronitri
667 2106 786 2166 quoque
813 2086 940 2166 aliquam
963 2090 1132 2165 portionem
1155 2096 1188 2148 et

172 2174 324 2253 sulphuris
352 2176 411 2234 vivi
437 2175 611 2253 particulam
640 2175 729 2235 simul
756 2179 844 2237 terito
872 2194 907 2237 66
934 2176 1049 2237 decimo
1077 2176 1125 2236 die
1153 2178 1186 2237 in

118 2274 151 2324 68
171 2262 276 2323 balneo
300 2282 410 2341 corpus
429 2264 547 2325 fricato:
571 2282 674 2325 omnes
698 2264 882 2343 pedunculos
900 2264 1029 2325 necabis.
1067 2264 1186 2344 Serum,

170 2352 200 2412 id
228 2359 274 2411 est
301 2370 407 2431 aquam
435 2351 533 2431 166116,
562 2370 636 2431 quae
664 2361 799 2413 remanet
826 2353 903 2414 16616
933 2372 1034 2433 caseo,
1062 2356 1089 2413 si
1116 2355 1186 2431 quis

171 2440 286 2501 adiecto
310 2450 393 2501 aceto
417 2442 447 2501 in
471 2444 591 2520 potione
615 2442 793 2520 aliquotiens
816 2444 990 2522 sumpserit,
1013 2441 1225 2503 1161116666

170 2537 220 2590 tur
244 2548 260 2589 a
283 2529 470 2611 pedunculis,
494 2538 526 2591 61
548 2532 669 2610 ponitus
692 2533 879 2609 extirpentur
898 2549 954 2590 nec
972 2537 1076 2609 postea
1095 2534 1126 2591 in
1146 2548 1183 2591 eo

117 2632 151 2681 to
170 2628 373 2680 renascantur.
422 2618 541 2681 Cervini
571 2637 681 2680 cornus
710 2618 816 2681 scobes
842 2618 959 2679 limatae
992 2627 1023 2680 61
1049 2637 1086 2679 ex
1113 2620 1184 2680 vino

169 2710 253 2785 potui
271 2708 356 2768 datae
370 2707 554 2785 pedunculos
569 2710 600 2767 in
615 2710 712 2787 capite
725 2707 886 2786 lendesque
901 2709 982 2769 nasei
996 2725 1056 2768 non
1071 2709 1182 2770 sinunt

608 2900 687 2961 CAP.
711 2899 742 2961 V.

167 3014 221 3068 Ad
248 3011 367 3081 eapitis
394 3014 549 3067 reumate
576 3015 611 3068 et
638 3013 875 3081 purgationem
902 3017 937 3069 61
963 3014 1009 3069 ad
1036 3014 1179 3083 pituitae

241 3104 275 3157 61
301 3099 505 3170 phlegmatis
533 3101 774 3158 deductionem
802 3104 836 3158 61
863 3102 1110 3158 restrictionem

607 3191 741 3247 oatarrl.

134 3338 147 3387 1
257 3325 300 3386 Ad
324 3344 436 3407 reuma,
460 3325 539 3406 quod
563 3327 599 3388 de
624 3329 721 3407 capite
744 3327 907 3410 deseendit,
930 3328 1180 3389 medicamentum

167 3415 258 3475 iacies
281 3414 352 3476 tale:
385 3415 464 3475 Nitri
491 3448 526 3459 -
544 3414 591 3495 Vl,
615 3416 750 3496 pyrethri
775 3450 813 3459 —
833 3415 847 3475 1
867 3415 896 3490 S,
919 3418 1056 3495 capparis
1084 3449 1120 3459 -
1141 3415 1178 3497 11,
1191 3435 1219 3475 66

169 3503 291 3565 struthii
317 3536 353 3547 —
377 3503 411 3563 ll.
451 3502 531 3565 llaec
555 3506 653 3564 omnia
676 3513 764 3566 tunsa
787 3513 817 3565 et
839 3507 870 3565 in
891 3504 1045 3583 pulverem
1068 3507 1179 3565 tenuis·
