2609 4017
528 190 748 253 ..71-

125 351 271 432 perducit
294 352 456 413 suliusione
480 354 598 414 siccata.
644 351 894 432 Xerocollyria
924 359 959 413 et
987 352 1145 415 remedia

126 441 277 522 physica
305 441 449 502 diversa
477 441 518 502 ad
546 441 871 521 xerophthalmiam
894 450 929 503 et
952 441 1145 521 caliginem

128 540 163 592 et
182 531 448 609 aspritudinem
467 530 730 610 detergendam.
770 531 813 592 ad
834 530 989 610 caliginem
1008 539 1039 592 et
1053 533 1145 610 aspri·
1164 544 1198 593 ou

127 620 263 681 tudinem
287 619 440 682 oculorum
466 622 635 699 siccamque
659 618 916 700 perturbationem
934 622 999 681 sine
1019 628 1145 702 tumore,

101 728 217 789 aqrram
236 708 501 788 xeropbthalmiam
516 708 621 770 Graeci
640 707 797 790 appellant,
816 708 886 770 lacit
905 709 962 770 boc
981 709 1144 791 collyrium,

128 797 207 876 quod
236 800 375 877 psoricon
399 798 523 880 dieitur,
551 800 661 877 accipit
683 805 782 859 autem
806 797 892 859 haec:
919 798 1006 859 Croci
1029 797 1055 860 X
1082 798 1145 881 llll,

128 889 240 965 psorici
263 885 289 946 ll
312 886 405 967 llllll,
433 887 567 965 psimithi
591 886 616 947 ll
638 886 706 967 llll,
736 888 797 966 opii
823 886 916 968 idem,
944 889 1057 967 piperis
1087 887 1146 949 albi

128 975 216 1056 idem,
235 978 363 1055 gummis
383 975 408 1036 li
427 975 460 1037 ll.
492 976 566 1037 Cum
585 994 661 1056 aqua
680 974 801 1055 pluviali
819 983 959 1037 teruntur
977 977 1063 1058 baeo3
1087 976 1146 1038 col-

127 1063 200 1144 lyria
229 1067 329 1126 statim
356 1065 425 1125 inde
455 1067 622 1146 linguntur,
651 1084 688 1125 ne
716 1065 863 1126 confectio
887 1064 976 1126 dilata
999 1074 1146 1127 vanescat.

87 1179 113 1219 ro
127 1152 290 1233 Collyrium
313 1154 348 1215 ad
373 1153 528 1233 caliginem
552 1163 582 1216 et
605 1154 829 1235 aspritudinem,
853 1154 932 1233 quod
957 1158 1143 1217 stratiotioon
1163 1167 1197 1218 to

127 1242 252 1323 dicitur,
279 1246 387 1323 recipit
413 1243 499 1304 haec:
541 1243 680 1305 Psimithi
706 1242 732 1303 Ξ
760 1242 810 1324 Vl,
842 1245 955 1323 piperis
982 1243 1042 1306 albi
1069 1243 1094 1304 ll
1122 1243 1145 1325 Ι,

125 1332 266 1411 omphaci
288 1330 314 1391 Ξ
338 1331 376 1413 ΙΙ,
401 1332 530 1393 cadmiae
554 1331 580 1392 Ξ
601 1332 653 1413 ΙΙΙ,
678 1332 860 1412 opobalsami
883 1332 909 1393 Χ
932 1333 972 1414 ΙΙ,
995 1336 1056 1413 opii
1078 1331 1104 1392 Ξ
1123 1333 1145 1413 l,

126 1423 257 1499 gummis
281 1419 306 1480 li
329 1421 363 1481 ll.
411 1420 455 1480 lix
484 1440 560 1501 aqua
588 1421 709 1501 pluviali
736 1422 793 1483 hoc
821 1423 931 1483 teritur
957 1429 1047 1502 atque
1075 1440 1146 1483 con·

126 1510 238 1589 licitur,
258 1511 335 1588 quod
355 1509 462 1571 melius
481 1513 635 1589 superiore
655 1510 691 1570 ad
711 1511 851 1590 caligines
868 1511 946 1572 lacit.
974 1511 1145 1591 Collyrium,
1165 1522 1198 1571 ‘11

86 1598 209 1677 equod
238 1606 354 1659 stacten
384 1607 488 1660 vocant
516 1598 637 1681 Graeci,
665 1599 700 1659 ad
724 1600 827 1660 eadem
852 1600 928 1679 lere,
957 1618 1032 1679 quae
1056 1617 1147 1678 supra

128 1689 241 1765 scripta
265 1696 348 1768 sunt,
372 1686 458 1768 utile,
482 1688 533 1749 sed
558 1690 652 1768 magis
675 1687 851 1749 mulieribus
874 1688 1011 1769 prodest,
1039 1690 1147 1766 accipit

126 1776 215 1837 haee:
239 1775 376 1837 Cadmiae
401 1776 427 1837 li
449 1776 488 1859 ll,
512 1777 594 1838 stibii
617 1775 643 1836 li
667 1775 713 1857 Vl,
735 1778 848 1856 piperis
872 1775 931 1836 albi
955 1776 980 1837 ll
1003 1776 1038 1857 ll,
1062 1794 1147 1837 aeru-

127 1867 207 1944 ginis
226 1882 309 1926 rasae
332 1874 362 1927 et
381 1868 478 1948 misni,
499 1866 593 1927 donec
616 1867 777 1946 puniceum
801 1866 860 1947 liat,
884 1868 943 1926 usti
967 1864 991 1927 ll
1015 1864 1147 1945 singulos

127 1956 232 2033 semis,
265 1957 344 2015 aeris
372 1954 454 2015 lloris
487 1954 606 2037 lllS,
640 1956 768 2034 gummis
796 1953 821 2014 ll
849 1953 918 2036 VII;
952 1955 1071 2036 quidam
1100 1955 1146 2015 bis

85 2070 113 2109 so
127 2043 243 2103 addunt
266 2043 447 2123 opobalsami
465 2044 490 2103 li
510 2044 549 2125 113
572 2047 643 2106 trita
663 2044 735 2105 baec
755 2043 913 2123 diligenter
930 2044 1052 2125 pluviali
1071 2063 1146 2124 aqua

127 2141 330 2213 asperguntur
353 2142 382 2194 et
405 2135 436 2193 in
460 2132 580 2214 collyria
603 2133 793 2213 colliguntur.
830 2133 991 2213 Collyrium
1017 2152 1085 2195 acre
1108 2132 1145 2194 ad
1165 2144 1199 2193 '12

127 2221 330 2282 extenuandas
345 2224 500 2283 cicatrices
515 2225 648 2301 quamvis
663 2235 780 2284 veteres
794 2222 995 2301 caliginesque
1010 2232 1040 2284 et
1054 2224 1147 2301 aspri·

127 2310 250 2371 tudines
273 2310 457 2391 angulorum,
483 2310 561 2390 quod
586 2311 678 2372 semel
700 2313 857 2373 inunctum
880 2311 1018 2391 plurimis
1041 2311 1147 2372 diebus

128 2400 268 2461 ellectum
291 2408 435 2479 praestat,
460 2407 578 2479 oportet
602 2410 700 2461 autem
725 2419 760 2461 eo
784 2407 891 2479 aquato
911 2402 968 2482 uti,
992 2400 1043 2462 diu
1067 2403 1147 2462 enim

85 2510 112 2553 ss
128 2497 212 2550 tenet
241 2507 385 2569 morsum,
413 2491 522 2568 accipit
544 2489 630 2550 baec:
663 2490 847 2549 Ammoniaci
870 2496 985 2570 guttae,
1008 2508 1083 2569 quae
1108 2494 1148 2550 sit

129 2578 194 2638 sine
214 2576 311 2659 sorde,
330 2577 361 2639 P.
377 2578 397 2658 l,
416 2579 565 2657 aeruginis
584 2578 617 2639 P.
633 2577 663 2656 S,
683 2580 811 2655 gummis
825 2576 855 2637 P.
871 2577 892 2637 l.
925 2576 1059 2637 Primum
1078 2595 1147 2638 cum

128 2684 204 2746 aqua
228 2665 348 2746 pluviali
371 2669 480 2728 teritur
503 2685 622 2748 aerugo,
645 2675 749 2745 postea
772 2673 871 2726 cetera
895 2664 1066 2725 adiciuntur
1088 2684 1146 2725 ma-

127 2764 228 2816 cerata
251 2774 325 2835 aqua
350 2755 471 2835 pluviali
494 2766 523 2817 et
546 2766 610 2817 tum
633 2754 754 2834 collyria
778 2754 940 2831 finguntur.
978 2752 1031 2815 Fcl
1053 2761 1146 2815 testu·
1166 2766 1200 2815 tt

129 2843 208 2904 dinis
236 2863 305 2905 cum
334 2844 419 2905 melle
449 2847 559 2924 optimo
588 2846 713 2905 mixtum
742 2853 772 2904 et
795 2843 846 2903 diu
870 2845 1048 2923 coagitatum
1073 2846 1147 2905 mire

87 2956 114 2996 ao
130 2932 286 3011 caliginem
315 2933 404 3014 tollit,
433 2934 459 2994 si
487 2933 565 2994 oculi
588 2933 658 2994 inde
681 2932 803 2994 adsidue
827 2931 1073 2995 circumlinantur
1097 2941 1148 2995 aut

129 3021 280 3083 subtiliter
304 3022 521 3084 suffundantur.
563 3021 811 3100 Calliblepbarum
835 3020 1062 3103 xerocollyrinm
1088 3025 1147 3103 pri·
1167 3033 1202 3083 74

129 3130 212 3172 mum
236 3113 345 3191 accipit
366 3111 453 3171 baec:
486 3112 541 3171 Aes
566 3118 681 3191 ustum,
705 3110 841 3193 stibium,
864 3112 1021 3192 cadmiam,
1045 3114 1147 3191 aequis

206 3292 218 3337 1
240 3283 281 3337 ·X·
300 3282 502 3355 yrooolloryria
519 3282 590 3349 (sic).
637 3281 812 3351 tpboesiea.
864 3280 1081 3351 xeroptalmiam
1095 3283 1148 3349 (eie

129 3356 261 3423 saepius).
345 3352 488 3424 borigon.
580 3350 700 3424 ipsori.
789 3352 935 3434 psimbthi.
1025 3352 1147 3434 peperis.

133 3432 163 3480 11
194 3426 309 3495 recepit.
401 3431 434 3479 18
462 3440 543 3479 rasae
570 3440 620 3479 om.
721 3438 889 3491 pnmrcenm.
984 3422 1053 3493 nob]
1082 3424 1148 3480 rasi.

130 3502 165 3551 ai
184 3497 319 3567 collyriis.
396 3502 432 3551 30
450 3497 499 3551 ant
518 3495 660 3551 subtiliter
678 3492 873 3549 suffundantur
891 3508 942 3547 om.
1023 3499 1056 3566 31
1076 3493 1149 3551 xiro·

130 3567 280 3623 collirium.
