2609 4017
584 165 825 231 -376-

144 345 179 395 ol
288 330 463 392 Remedium
487 330 523 390 ad
543 329 703 409 podagram
721 328 768 388 rel
785 330 912 388 maxime
930 328 967 388 ad
985 328 1131 388 artbritim
1150 331 1212 389 sic:

199 422 283 482 boeti
310 422 415 498 optimi
443 426 585 498 quantum
614 417 756 496 volneris,
785 417 863 496 quod
888 417 994 478 melius
1022 419 1090 496 erit,
1117 419 1143 476 si
1173 437 1213 478 ex

199 512 267 569 vino
290 510 417 588 styptico
436 509 535 586 luerit,
558 506 633 566 telas
652 524 836 585 aranearum,
860 524 936 584 quae
954 508 986 566 in
1004 523 1145 585 cupresso
1162 508 1212 566 in-

198 599 368 677 veniuntur,
392 596 463 657 buxi
487 597 673 656 summitates
691 596 877 656 tenerrimas.
912 593 992 655 Haeo
1011 597 1042 654 in
1060 594 1116 654 olla
1133 613 1212 655 nova

198 684 352 765 coquenda
377 692 446 745 sunt
469 684 649 762 diutissime3
673 702 709 743 ex
730 701 787 762 quo
807 690 891 743 aceto
909 701 999 763 posca
1018 684 1237 762 temperandas

197 773 285 852 paulo
313 775 411 833 acrior
439 791 526 852 quarn
550 773 585 833 ad
609 771 785 850 bibendum,
812 790 849 831 ex
872 790 930 850 qua
954 789 1044 850 posca
1067 771 1113 832 vel
1135 771 1209 832 cale-

198 863 273 922 facta
297 861 343 921 rel
366 861 486 943 frigida,
509 867 599 940 prout
622 879 712 921 causa
735 859 943 939 postulaverit,
971 860 1093 920 lavanda
1121 879 1210 920 mem·

198 950 264 1029 bra,
291 950 349 1010 boc
377 957 424 1010 est
446 950 546 1010 artbra
570 949 615 1010 vel
638 951 809 1028 iuncturae,
833 967 908 1027 qnae
932 949 1048 1031 dolent,
1073 960 1103 1010 et
1128 948 1210 1009 deor·

198 1057 277 1118 snm,
309 1039 340 1099 id
373 1046 419 1099 est
446 1057 515 1100 cnm
542 1056 662 1099 umcros
689 1037 736 1098 vel
763 1036 863 1098 cubita
889 1036 1009 1117 laveris,
1041 1037 1078 1098 ad
1106 1055 1210 1098 manus

198 1145 328 1188 summas
357 1127 465 1208 velad
495 1127 585 1205 pedes
619 1144 750 1188 summos
783 1126 1029 1204 destringendum
1061 1127 1247 1187 deducerem

198 1216 328 1295 dumque
352 1216 549 1296 medicamen3
577 1224 681 1294 postea
706 1233 777 1275 vero
801 1233 890 1293 qnam
912 1214 968 1275 bac
990 1233 1082 1293 posca
1104 1215 1211 1275 laveris

198 1303 340 1384 membra,
359 1322 433 1383 quac
452 1303 543 1364 lavari
561 1321 684 1364 neeesse
703 1310 758 1383 est,
782 1303 912 1381 adpones
934 1302 1067 1384 herbam,
1086 1307 1212 1383 quaein

198 1410 292 1472 aquae
310 1394 388 1470 iugis
407 1392 536 1453 decursu
555 1395 697 1471 nascitur,
717 1409 805 1470 qrram
820 1391 924 1452 Latine
937 1391 1082 1472 horulam,
1099 1391 1212 1452 Graece

198 1480 387 1542 cardaminen
419 1489 538 1561 vocant3
570 1481 642 1541 baec
676 1479 834 1558 diligenter
865 1490 1010 1559 purgatur
1044 1488 1075 1540 et
1102 1482 1212 1541 teneri·

197 1570 270 1630 tudo
295 1571 359 1630 eius
379 1571 515 1631 tunditur
535 1578 564 1631 et
583 1572 623 1630 ita
642 1568 690 1629 vel
708 1568 807 1648 tepida
826 1569 872 1629 vel
891 1569 1005 1649 frigida,
1024 1577 1116 1648 prout
1136 1569 1210 1630 saln-
1223 1589 1245 1628 rs

198 1658 282 1719 brius
311 1666 369 1738 est,
398 1658 510 1719 dolenti
537 1661 569 1718 in
596 1658 718 1718 modum
746 1657 962 1735 cataplasmatis
989 1657 1153 1736 adponitur
1182 1664 1212 1718 et

198 1747 245 1807 die
270 1746 316 1807 bis
340 1755 390 1807 ant
412 1754 459 1806 ter
483 1747 527 1806 vel
551 1749 690 1826 quotiens
709 1747 816 1806 siccari
834 1749 968 1823 coeperit
985 1746 1127 1806 mutanda
1147 1749 1211 1806 erit

198 1835 280 1906 Quae
305 1837 331 1896 si
352 1834 492 1895 ruborem
512 1836 625 1914 lecerit,
649 1842 722 1894 tnnc
741 1837 834 1912 magis
852 1835 1000 1913 proluisse
1019 1833 1209 1913 intelligetur.

197 1922 406 1984 adhibendum
428 1923 536 1984 debinc
560 1940 719 2002 parpgrum
738 1931 873 1983 cerotum
892 1923 1134 2001 infrascriptum
1153 1925 1205 1983 sic:

197 2011 355 2089 Cerussae,
380 2030 501 2090 spumae
526 2014 654 2092 argenti,
678 2029 765 2072 cerae
787 2011 931 2092 Punicae,
954 2010 1011 2070 olei
1034 2013 1128 2093 rosei,
1152 2011 1241 2071 oleiro

196 2099 307 2179 mollis,
334 2099 471 2160 lacrimas
499 2119 631 2160 ovorum.
672 2099 786 2159 Horum
814 2102 947 2160 omniurn
974 2099 1107 2177 pondera
1134 2117 1208 2178 quac

196 2187 343 2266 placuerit
369 2186 521 2268 miscebis3
548 2189 656 2248 modus
683 2189 762 2248 euim
790 2205 850 2247 non
878 2195 924 2248 est
946 2187 1095 2248 delinitus.
1136 2188 1208 2249 Cera

196 2277 326 2354 primum
354 2277 386 2335 in
414 2275 478 2336 oleo
502 2276 582 2336 molli
605 2278 718 2337 terreat
740 2284 801 2336 tam
827 2276 891 2356 diu,
914 2277 1009 2336 donec
1032 2278 1207 2357 stringatur3

197 2371 299 2444 postea
326 2364 478 2444 pulverem
506 2383 596 2444 snpra
625 2367 803 2444 scriptarum
827 2366 993 2443 specierum
1019 2366 1207 2445 superaddes,

197 2453 304 2514 deinde
328 2453 426 2513 oleum
450 2472 570 2514 roseum
592 2453 638 2514 vel
662 2453 798 2514 lacrimas
822 2470 946 2514 ovorum
967 2453 1148 2514 admiscebis
1163 2462 1240 2514 atas

197 2559 255 2621 qne
282 2544 324 2602 ita
351 2542 427 2603 bene
456 2545 562 2620 agitata
591 2551 621 2602 et
648 2543 739 2602 mixta
766 2543 864 2601 omnia
892 2541 1117 2620 subcoquantur
1139 2545 1206 2622 igni

197 2629 283 2701 Quod
311 2630 494 2691 medicamen
517 2633 694 2710 repositum,
718 2648 785 2690 cnm
810 2647 934 2690 neccsse
961 2632 1036 2712 erit,
1063 2632 1096 2692 in
1118 2630 1205 2692 linteo

197 2717 315 2780 inlitum
340 2718 481 2778 membris
504 2718 674 2779 dolentibus
697 2719 872 2797 adponetnr.

143 2819 178 2869 ⁶2
287 2805 411 2867 Furinae
429 2809 564 2868 triticeae
583 2805 614 2868 a
629 2825 732 2888 nnnm,
752 2806 840 2886 amyli
857 2809 961 2866 uncias
979 2814 1104 2888 septem,
1122 2824 1204 2868 cerae

198 2896 300 2955 uncias
320 2904 443 2976 septem,
465 2895 522 2956 olei
541 2898 656 2956 rosacei
674 2903 794 2975 aestate,
819 2895 916 2955 bieme
935 2903 1034 2956 antem
1053 2895 1112 2956 olei
1129 2915 1202 2957 eom·
1215 2915 1238 2955 ao

197 2984 296 3043 munis
319 2980 383 3043 81
405 2983 552 3065 ltalicum3
580 3002 650 3044 sane
678 2991 712 3044 ut
739 2985 837 3064 passio
860 2985 924 3062 ipsa
948 2982 994 3044 vel
1016 2984 1140 3045 calidius
1160 2984 1203 3045 rel
1284 3010 1285 3055 3

196 3072 335 3150 frigidius
363 3072 609 3133 medicamentum
638 3075 736 3151 poscit
762 3073 841 3153 fieri,
868 3075 908 3133 ita
932 3072 1031 3132 facias.
1073 3071 1202 3133 Farinam
1284 3064 1285 3113 Ὗ

197 3169 265 3222 ante
289 3162 367 3220 diem
390 3161 518 3221 infusam
537 3163 567 3220 in
587 3179 681 3240 aqrrae
700 3158 732 3221 θ
751 3160 885 3222 Italicum
905 3178 1075 3240 concoquas
1093 3161 1129 3221 ad
1147 3180 1201 3222 mo·

197 3250 268 3310 dnm
291 3249 395 3330 glutis,
423 3256 525 3327 postea
549 3249 678 3328 amylum
701 3251 860 3328 separatim
884 3252 989 3311 tritum
1012 3251 1042 3309 in
1067 3253 1200 3310 mortario

197 3346 228 3398 et
255 3356 353 3398 ceram
381 3340 535 3398 remissam
564 3340 595 3398 in
622 3338 687 3398 oleo
716 3341 909 3418 supermittes
936 3345 966 3398 et
994 3338 1083 3399 simul
1111 3341 1232 3398 omniaas

197 3424 353 3502 diligenter
382 3434 461 3485 teres
495 3434 525 3486 et
557 3444 624 3486 cum
658 3444 734 3505 opus
766 3429 871 3507 luerit,
900 3426 1031 3505 adpones
1058 3428 1090 3486 in
1117 3427 1199 3488 linteo
1284 3498 1285 3505 ἵ

196 3511 344 3588 podagrae
368 3510 499 3572 cuilibet.
1284 3520 1285 3523 ’
