2609 4017
498 191 738 255 -379-

106 371 168 412 non
192 361 222 413 et
245 353 326 412 radix
352 355 520 414 cucumeris
549 355 668 415 erratici
696 373 732 414 ex
760 361 844 415 aceto
873 361 956 414 cocta
980 362 1010 414 et
1032 353 1120 432 poda-

107 459 178 520 grae
201 443 339 520 imposita
362 443 521 502 succurrit.

196 529 296 610 Potio,
328 548 403 610 quae
431 533 457 592 si
485 549 561 591 auno
589 533 706 610 integro
734 532 825 592 luerit
852 538 964 610 potata,
991 531 1174 610 podagram

106 618 215 679 liberat
233 618 409 700 laborantes,
433 622 621 699 componitur
645 623 702 680 sic:
726 619 943 699 Chamaedryos
961 619 991 679 P.
1011 618 1032 699 l,
1051 638 1120 680 cen-

80 710 206 770 ataurei
229 709 332 769 uncias
351 706 399 787 ΙΙΙ,
422 709 606 770 aristolociae
630 709 775 769 rotundae
795 711 897 770 uncias
915 707 964 786 lll,
987 708 1120 769 stoecha-

107 797 162 857 dos
181 798 285 857 uncias
304 795 352 878 lll,
377 798 487 875 agarici
509 829 544 840 —
566 797 588 878 l,
608 799 710 877 cyperi
728 799 850 858 seminis
871 831 909 840 —
930 795 970 857 lll
991 796 1020 877 S,
1041 797 1122 858 aloes

109 918 148 928 -
170 884 212 944 lll
232 885 260 945 S.
302 883 381 946 llaec
409 885 540 963 pondera
569 886 752 965 singularum
776 904 876 947 rerum
900 895 988 947 tunsa
1011 895 1041 947 et
1064 888 1121 948 cri-

105 974 193 1034 brata
221 974 349 1052 adpendi
376 981 494 1052 oportet
522 983 552 1034 et
580 975 675 1035 mellis
700 977 792 1035 Attici
818 975 904 1035 libris
922 973 959 1033 v1
986 993 1120 1054 compre-

104 1063 207 1123 hendi.
254 1063 388 1123 Sumitur
420 1071 519 1124 autem
551 1063 624 1124 haeo
654 1065 736 1142 potio
765 1083 780 1123 a
808 1065 909 1124 ieiuno
937 1072 968 1124 et
994 1067 1120 1124 maxime

66 1175 91 1214 10
106 1153 235 1230 digesto,
253 1169 393 1211 mensura
413 1153 477 1212 eius
496 1159 543 1211 est
561 1155 695 1230 argentei
713 1152 838 1232 scripuli
853 1152 984 1232 pondus,
1006 1152 1121 1213 bibitur

106 1260 144 1301 ex
174 1239 271 1300 trihus
297 1239 409 1319 cyathis
433 1258 526 1319 aquae
550 1240 661 1302 calidae
685 1251 715 1302 et
738 1244 763 1301 si
786 1260 846 1301 non
869 1243 1035 1302 continuati
1057 1241 1120 1302 dies

105 1331 222 1390 fuerint
244 1331 275 1388 in
299 1329 469 1407 accipienda
492 1331 622 1410 potione,
646 1331 717 1390 anni
739 1341 838 1390 tamen
861 1332 990 1410 spatium
1010 1332 1040 1390 in
1060 1330 1120 1390 die-

105 1437 175 1479 rum
199 1435 324 1478 numero
348 1417 529 1496 suppleatur.

198 1505 250 1567 Fel
280 1507 345 1584 apri
372 1524 440 1566 cum
469 1524 538 1566 sevo
567 1505 701 1585 quolibet
727 1510 859 1586 positum
886 1509 997 1586 optime
1025 1507 1120 1586 placat
1139 1521 1173 1571 69

65 1617 91 1658 rs
105 1595 267 1676 podagram
291 1597 322 1654 in
345 1612 495 1672 praesens.

197 1683 322 1744 Carmen
344 1683 507 1763 idioticum,
531 1683 609 1761 qnod
634 1682 728 1744 lenire
746 1683 907 1762 podagram
926 1684 1044 1764 dicitur,
1068 1685 1120 1744 sic.
1140 1700 1174 1749 το

105 1773 141 1834 ln
168 1790 274 1833 manus
302 1780 368 1832 tuas
397 1790 537 1851 exspues,
565 1781 723 1850 antequam
751 1790 767 1832 a
796 1770 872 1832 lecto
901 1781 1010 1833 terram
1033 1791 1120 1833 mane

106 1863 271 1941 contingas,
295 1869 325 1920 et
348 1879 364 1920 a
388 1863 511 1920 summis
536 1859 601 1920 talis
625 1871 655 1920 et
678 1860 786 1938 plantis
809 1879 905 1939 usque
928 1861 963 1921 ad
989 1879 1120 1922 summos

106 1952 215 2029 digitos
248 1967 352 2009 manus
385 1949 476 2010 duces
504 1958 534 2009 et
562 1949 657 2008 dices:
695 1948 789 2028 Fuge,
821 1949 904 2031 luge,
932 1949 1061 2028 podagra
1090 1957 1121 2010 et

62 2060 90 2100 ro
107 2041 204 2100 omnis
227 2055 388 2098 nervorum
412 2037 496 2097 dolor
519 2037 555 2097 de
579 2036 706 2115 pedibus
730 2040 804 2098 meis
823 2045 853 2098 et
872 2038 1011 2099 omnibus
1030 2057 1121 2099 mem·

107 2129 171 2189 bris
190 2128 273 2206 meis,
298 2134 349 2186 aut
368 2127 393 2186 si
412 2125 462 2186 alii
480 2133 663 2205 praecantas,
688 2126 770 2186 dices
789 2125 878 2208 illius,
897 2145 985 2206 quem
1004 2129 1122 2207 peperit

106 2217 165 2278 illa.
210 2215 363 2275 Venenum
391 2232 505 2274 veneno
533 2216 676 2295 vincitur,
709 2215 797 2276 saliva
827 2218 926 2277 ieiuna
954 2219 1033 2277 vinci
1061 2234 1121 2277 non

107 2311 215 2386 potest.
256 2303 316 2363 Ter
343 2303 424 2363 dices
452 2302 525 2363 haec
554 2313 583 2364 et
610 2304 646 2364 ad
675 2304 806 2382 singulas
835 2305 950 2384 plantas
981 2314 1046 2366 tuas
1075 2306 1122 2366 vel

106 2395 196 2474 illiue,
219 2393 269 2453 cui
291 2390 459 2471 medebere,
482 2409 580 2470 spues.

63 2501 93 2543 25
197 2480 371 2541 Remedium
395 2480 431 2539 ad
450 2479 610 2558 podagram
630 2481 686 2540 sic:
710 2479 807 2539 Lanae
826 2478 945 2540 sucidae
964 2498 1025 2540 nou
1043 2479 1120 2542 lotae
1140 2496 1173 2546 ⁷1

107 2571 138 2632 P.
157 2569 184 2650 l,
211 2571 272 2629 viui
299 2571 412 2628 veteris
435 2567 482 2628 vel
509 2569 626 2628 Aminei
649 2565 680 2627 fr
700 2567 739 2647 ll,
767 2567 825 2628 olei
852 2567 1021 2647 omphacini
1048 2567 1079 2629 fr
1099 2568 1120 2650 l,

108 2659 274 2739 aphronitri
297 2658 463 2718 communis
482 2655 513 2716 P.
533 2656 553 2716 l.
591 2656 700 2716 Lanam
724 2656 864 2716 infundes
887 2659 917 2716 in
943 2659 1043 2717 vinum
1066 2677 1121 2737 per

108 2747 254 2826 triduum,
281 2747 389 2806 dehinc
417 2747 565 2824 exprimes
591 2745 687 2805 lanam
710 2745 901 2805 vehementer
925 2755 955 2806 et
978 2746 1120 2806 admisce-

109 2836 155 2896 his
179 2837 256 2916 rino,
284 2834 362 2914 quod
387 2836 579 2913 expresseris,
605 2833 813 2912 aphronitrum
836 2837 953 2915 tritum,
977 2835 1067 2895 addes
1090 2843 1121 2894 et

67 2945 96 2985 eo
110 2925 207 2986 oleum
231 2932 261 2984 et
284 2925 327 2983 sic
350 2922 490 2984 miscebis
514 2925 611 2983 omnia
636 2924 720 2982 etin
743 2941 802 2982 vas·
817 2924 945 2984 vitreum
968 2926 1068 2984 mittes
1091 2933 1122 2984 et

110 3012 250 3074 servabis.
292 3011 366 3072 Cum
390 3021 488 3072 autem
513 3030 588 3090 opus
612 3011 703 3071 luerit
725 3011 923 3092 medicamen,
948 3030 1054 3091 panem
1077 3013 1121 3072 in·

110 3101 217 3162 fundes
239 3103 271 3161 in
294 3102 396 3160 vinum
420 3109 505 3160 vetus
528 3099 573 3160 vel
596 3101 762 3181 Amineum,
787 3102 929 3179 quicum
952 3100 1029 3160 bene
1049 3099 1121 3160 mol-

109 3191 180 3250 litus
204 3190 308 3270 fuerit,
336 3188 546 3267 exprimendus
569 3191 627 3248 erit
650 3197 680 3248 et
703 3188 846 3249 terendus
869 3191 899 3248 in
922 3191 1064 3249 mortario
1087 3207 1121 3250 ac

200 3348 216 3396 3
235 3340 330 3411 Potio]
358 3339 485 3395 Eandem
508 3341 725 3411 compositionem
747 3340 826 3394 babet
849 3340 925 3395 Plio.
948 3341 981 3396 de
1002 3358 1032 3396 re
1053 3342 1120 3397 med.

109 3413 143 3481 Il,
164 3418 197 3466 26
218 3429 247 3482 p.
272 3417 306 3466 70
325 3412 365 3465 ed.
384 3411 449 3466 Ros.
523 3419 538 3465 5
557 3411 753 3486 aristolochiae
773 3410 933 3466 Carnarius.
1006 3418 1022 3466 8
1041 3411 1122 3466 libris

109 3481 868 3609 „u
1010 3489 1044 3538 r
1064 3499 1123 3536 r·

1148 3822 1293 3968 Α
