2609 4017
470 164 714 229 -279-

76 349 117 390 ex
141 328 243 407 litore,
266 343 404 409 capreae,
426 327 571 408 palumbi,
595 335 709 411 anates,
732 328 853 407 meruli,
875 330 972 411 turdi,
996 349 1098 412 grues,

78 416 175 497 mulli,
198 415 354 496 lolligines,
377 414 477 496 polypi
501 418 598 477 assati.

170 504 357 566 Torminosis
385 512 455 566 sunt
478 513 561 567 extra
584 513 685 567 cutem
707 506 876 586 inponenda
899 506 986 568 baec:
1017 506 1152 570 Lanato

77 595 185 656 sucida
209 612 245 655 ex
269 601 352 655 aceto
375 593 422 653 vel
444 612 565 655 rosaceo
584 594 630 655 vel
648 595 757 656 malino
776 594 842 655 oleo
860 595 999 677 admixto,
1020 598 1094 657 item

49 683 234 763 splantago,
261 684 374 763 apium,
400 682 588 765 milelolium,
615 683 756 766 intibum,
773 683 956 765 ,lentiscum3
983 703 1038 764 per
1062 703 1095 745 se

76 774 151 833 trita
179 772 254 849 haec
282 770 329 831 vel
356 768 484 833 admixto
511 774 580 832 vino
608 780 743 853 austero,
771 791 829 851 quo
853 775 945 851 magis
969 773 1098 835 adstrin-

76 869 162 942 gant,
185 860 385 941 adponuntur,
406 868 511 939 postea
529 868 665 922 cerotum
684 879 721 921 ex
740 859 805 922 oleo
823 864 953 941 myrtino
971 862 1018 922 vel
1036 880 1096 923 ma·

75 948 155 1030 lino,
179 949 209 1010 id
234 958 279 1010 est
302 946 429 1009 habente
453 952 596 1011 corticem
619 949 689 1010 mali
711 949 830 1032 Punici,
854 950 1022 1033 adponitur,
1045 953 1096 1013 cui

76 1048 108 1100 et
135 1037 210 1117 galla
235 1037 354 1118 Syriaca
377 1045 407 1099 et
430 1040 527 1099 acacia
550 1039 761 1100 admiscentur.

36 1143 61 1181 ro
171 1124 362 1187 Torminibus
371 1128 476 1205 primis
487 1127 673 1207 temporibus
684 1126 922 1205 constringendis
932 1129 998 1188 suci
1008 1126 1097 1188 utiles
1116 1143 1152 1193 30

75 1223 166 1297 sunt,
189 1224 224 1276 ut
246 1214 436 1296 plantaginis,
464 1218 593 1295 acaciae,
617 1215 687 1276 mali
710 1218 825 1295 granati
848 1217 982 1295 corticis,
1005 1215 1097 1295 hypo·

76 1304 214 1384 oistidos,
237 1302 378 1382 milelolii,
401 1303 507 1383 intubi,
530 1304 662 1385 lentisci,
686 1304 755 1366 rubi
778 1322 832 1384 per
855 1323 887 1365 se
911 1312 1027 1365 tantum
1051 1304 1098 1365 vel

76 1411 151 1454 cum
178 1394 247 1452 vino
276 1409 312 1452 ex
341 1394 416 1470 piris
444 1392 573 1472 Syriacis
600 1393 679 1454 facto
708 1395 806 1474 mixti3
838 1394 970 1455 medium
996 1400 1097 1454 autem

76 1499 205 1543 cursum
227 1478 406 1542 habentibus
426 1483 607 1562 torminosis,
631 1482 712 1561 quod
730 1489 849 1560 tempus
868 1481 973 1543 Graeci
992 1500 1097 1543 acmen

38 1585 62 1625 15
76 1577 196 1650 vocant,
219 1568 370 1648 oportebit
386 1570 545 1630 infundere
564 1587 619 1649 per
638 1570 796 1650 clysterem
815 1588 914 1630 rosam
933 1569 979 1629 vel
997 1569 1097 1630 oleum

77 1667 229 1738 myrteum
249 1676 317 1719 cum
336 1676 471 1739 cerussa3
495 1658 619 1719 cedente
638 1677 728 1737 porro
747 1661 862 1737 impetu
881 1657 1033 1718 molestiae
1049 1657 1096 1717 vel

77 1746 279 1827 difficultatis,
308 1746 386 1825 quod
415 1754 533 1827 tempus
561 1746 669 1807 Graeci
694 1764 853 1825 paracmen
881 1754 1000 1827 vocant,
1026 1764 1096 1807 con-

76 1837 163 1897 venit
185 1834 339 1916 lenticula,
362 1837 479 1914 ptisana
501 1853 569 1897 cum
593 1835 679 1914 adipe
702 1852 835 1913 capruno
858 1842 957 1915 cocta;
985 1837 1096 1896 invete-

76 1927 153 1985 ratis
177 1942 248 1985 vero
271 1923 450 1985 torminibus
473 1931 613 2003 prosunt,
637 1942 713 2003 quae
737 1923 942 1984 vehementius
966 1926 1097 2004 spissant
1134 1993 1138 1999 ,

38 2029 63 2068 so
77 2020 110 2074 et
134 2032 152 2073 a
173 2020 282 2092 putore
306 2019 395 2091 atque
418 2012 632 2073 abalienatione
657 2014 791 2092 corporis
810 2014 970 2094 vindicant,
995 2020 1029 2073 ut
1053 2031 1096 2087 ea,

77 2121 156 2181 quae
185 2120 222 2162 ex
250 2100 342 2182 calce,
370 2101 474 2162 charta
498 2109 565 2162 usta
589 2108 620 2162 ot
643 2104 860 2182 auripigmento
884 2110 1096 2181 conponuntur

77 2200 108 2252 et
131 2197 260 2271 possunt
283 2189 439 2250 inhaerere
462 2192 596 2270 purgatis
620 2190 785 2271 ulceribus,
808 2210 867 2271 quo
891 2198 1025 2271 tempore
1048 2209 1096 2251 re·

77 2280 138 2341 diri
161 2287 280 2359 oportet
303 2278 339 2339 ad
361 2280 463 2357 priora
486 2280 585 2339 omnia
608 2280 723 2341 edenda
746 2288 955 2359 praeterquam
978 2280 1015 2340 ad
1033 2279 1096 2340 len·

76 2378 140 2429 tem
164 2376 196 2429 et
218 2370 377 2448 ptisanam,
406 2366 521 2428 ducunt
543 2369 624 2428 enim
647 2370 831 2448 cicatricem,
859 2368 911 2428 sed
934 2370 1095 2446 praecipue

38 2471 62 2511 2⁵
77 2474 203 2519 cerussa
231 2456 360 2516 admixto
386 2457 467 2536 vino;
496 2456 653 2535 emplastra
677 2473 761 2536 vero,
789 2474 864 2534 quae
889 2461 972 2515 extra
996 2464 1096 2517 cutem

77 2547 252 2607 cicatricem
276 2544 398 2626 ducunt,
421 2544 518 2605 soluta
541 2544 577 2605 ad
601 2546 700 2624 ignem
724 2562 793 2604 cum
814 2542 879 2604 oleo
898 2544 1027 2621 myrtino
1047 2543 1096 2603 ad·

77 2633 217 2714 ponenda
241 2641 319 2694 sunt.

170 2722 373 2802 Dysintericos
396 2729 514 2783 recreat
535 2721 636 2802 pulmo
659 2721 796 2802 pecudis,
819 2720 849 2780 id
873 2727 919 2779 est
944 2720 1019 2800 ovis,
1045 2719 1094 2780 de·
1114 2733 1149 2781 31

77 2819 198 2891 coctus,
226 2829 294 2872 cum
322 2809 376 2870 lini
403 2812 530 2891 semine,
560 2812 601 2871 ita
628 2818 663 2871 ut
690 2817 721 2870 et
748 2827 818 2870 caro
844 2807 1041 2870 manducetur
1064 2816 1095 2869 et

38 2912 64 2954 ³0
78 2918 157 2980 aqua
179 2898 229 2960 illa
252 2906 381 2979 potetur.

170 2987 352 3049 Trocbiscus
379 2986 590 3066 Asclepiadeus
617 2988 891 3066 praestantissimus
918 2987 955 3048 ad
983 2990 1095 3049 ventris
1114 3001 1150 3050 32

78 3078 195 3139 lluxum
214 3086 244 3138 et
262 3076 465 3157 dysinteriam,
484 3094 573 3155 quam
592 3075 691 3136 nullus
710 3075 786 3137 alius
802 3083 863 3136 tam
877 3075 962 3137 lacile
977 3079 1097 3157 stringit

80 3184 171 3246 quam
189 3165 248 3247 hic,
266 3165 424 3226 conficitur
443 3166 500 3226 sic:
523 3165 590 3243 Apii
605 3166 728 3225 seminis
747 3167 908 3245 semuncia,
925 3164 1097 3244 hyoscyami

79 3255 248 3334 semuncia,
276 3255 359 3314 anesi
383 3246 422 3340 2·
446 3249 497 3334 Vl,
524 3255 585 3331 opii
614 3245 653 3339 2·
678 3251 730 3335 lll,
757 3253 959 3332 hypocistidos
983 3245 1023 3339 5·
1047 3251 1096 3333 lll,

171 3395 188 3444 2
207 3366 327 3458 popupi.
406 3393 439 3443 10
457 3387 625 3442 torminibus
643 3388 756 3457 δαέρα,
774 3385 910 3443 namura.
985 3392 1018 3442 ra
1032 3393 1098 3455 poc

80 3460 164 3515 mixti
183 3461 263 3516 odd:
282 3460 311 3514 et
324 3474 397 3528 aqua
412 3459 524 3514 incocta
537 3459 621 3514 mitto
636 3458 707 3513 rubo
721 3457 879 3512 lentiscum
918 3461 951 3511 15
967 3456 1094 3527 clystere.

80 3530 154 3587 oleo.
232 3535 266 3585 31
286 3530 476 3600 asclepiarius.
549 3535 582 3584 32
603 3528 787 3583 disinteriam.
860 3533 895 3583 at
912 3527 1096 3599 ypocistidos.

1152 3687 1249 3788 Δ·
