2609 4017
564 125 781 191 -55-

163 298 222 370 aut,
247 289 324 369 quod
351 289 457 350 melius
481 296 540 368 cst,
563 307 619 367 gen
641 288 801 367 ampelitim
826 287 962 348 similiter
983 280 1099 371 initam,
1122 306 1181 367 pro
1290 313 1291 342 t

165 378 221 459 qua
247 379 375 438 diximus
399 379 495 457 picem
518 377 666 438 Bruttiam
688 379 766 438 mitti
790 376 907 458 debere,
931 378 1000 455 quia
1024 394 1059 455 ge
1079 395 1180 456 ampe-

164 468 223 528 litis
247 486 316 527 vera
340 466 459 527 difficile
483 468 646 547 invenitur3
670 465 717 525 his
741 466 848 526 additis
872 483 939 525 cum
963 466 1093 545 coeperit
1117 484 1179 525 me·

164 556 299 617 dicamen
322 555 398 615 bene
423 557 603 633 permixtum
622 573 697 635 esse,
721 573 819 615 ceram
839 553 936 614 ruiam
954 572 1007 633 pro
1027 554 1123 634 modo,
1142 564 1179 614 ut

165 663 254 723 supra
287 646 431 723 scriptum
463 652 522 725 est,
553 652 656 723 postea
685 645 814 704 resinam
846 645 990 721 pituinam
1022 644 1207 703 remissams

164 732 274 794 adicies
302 750 418 792 necnon
447 741 477 793 et
506 734 633 793 resinam
663 731 847 792 cololoniam.
881 731 951 792 Post
974 731 1047 792 haec
1076 733 1179 792 mittes

165 822 379 881 ammoniacum
403 821 571 901 thymiama,
594 821 622 881 id
649 829 696 882 est
718 829 831 899 guttam
855 819 929 880 bene
952 823 1053 881 tritam
1072 829 1102 880 et
1121 822 1178 880 cri·

164 909 309 990 bellatam,
327 918 394 988 post
413 910 503 971 addes
521 910 635 988 lepidos
655 908 760 970 chalcu
780 928 895 970 necnon
910 918 940 970 et
954 908 1057 970 chalcu
1073 927 1177 969 cecau·

164 1017 264 1079 menu,
274 997 380 1058 deinde
391 998 481 1059 addes
492 997 604 1078 milton,
614 998 721 1059 deinde
732 998 900 1079 diphryges,
912 998 1018 1058 deinde
1029 996 1178 1078 chalcitin,

164 1095 266 1166 postea
286 1087 493 1148 chalcanthum
512 1096 541 1148 et
556 1088 750 1168 psimithium,
772 1086 930 1165 posthaec
949 1087 1039 1147 addes
1058 1085 1178 1147 libanon
1193 1101 1220 1140 1⁰

164 1176 279 1256 leucon,
294 1176 323 1235 id
339 1183 385 1236 est
400 1185 447 1236 tus
462 1175 561 1236 album
576 1185 605 1237 et
620 1194 758 1256 myrram,
773 1187 803 1236 et
817 1174 910 1255 aloen,
925 1176 1073 1255 superbis
1083 1177 1177 1235 omni-

164 1263 221 1325 bus
236 1264 325 1324 addes
340 1267 468 1325 resinam
483 1264 713 1327 terebinthinam
726 1273 755 1325 et
769 1263 927 1343 galbanum
941 1272 971 1325 et
985 1264 1029 1325 lac
1039 1264 1084 1324 vel
1096 1282 1177 1324 umo-

164 1371 227 1413 rem
251 1356 386 1432 panaeis,
409 1353 439 1412 id
463 1361 509 1413 est
532 1371 740 1433 opopanacem.
778 1353 836 1414 Sed
859 1372 963 1414 omnes
987 1353 1039 1413 has
1062 1354 1178 1432 species

164 1442 330 1521 praedictas
345 1444 456 1520 optime
471 1444 557 1502 tritas
571 1452 600 1503 et
611 1441 778 1503 cribellatas
789 1444 907 1503 mittere
918 1441 1040 1502 debebis
1050 1441 1086 1502 ad
1097 1460 1177 1522 men·

164 1549 264 1592 suram
290 1530 334 1590 vel
357 1539 457 1609 partes
482 1549 571 1609 supra
596 1532 735 1611 scriptae,
765 1541 853 1611 prout
877 1529 1007 1591 volueris
1030 1530 1176 1591 conficere
1192 1545 1219 1586 1⁵

165 1620 368 1680 medicaminis
387 1621 515 1701 eopiam3
535 1639 610 1699 quae
629 1639 698 1680 eum
713 1623 811 1680 omnia
825 1620 901 1680 bene
916 1622 1007 1679 mixta
1021 1620 1132 1680 luerint
1147 1626 1177 1679 et

164 1707 239 1769 bene
255 1711 370 1789 agitata,
385 1709 472 1769 ollam
486 1708 555 1769 tolle
570 1709 606 1769 de
622 1709 687 1769 loco
703 1717 733 1769 et
747 1708 853 1769 deinde
868 1708 962 1769 calido
977 1708 1072 1768 adhuc
1085 1708 1175 1769 medi-

165 1800 272 1858 camini
287 1797 395 1857 herbas
410 1816 499 1876 supra
515 1801 641 1877 scriptas
656 1798 732 1858 bene
747 1800 832 1858 tritas
852 1805 882 1858 et
897 1796 1064 1858 cribellatas
1079 1798 1176 1857 inlun-

165 1885 225 1945 des.
258 1886 351 1945 lmmo
370 1904 458 1947 manu
478 1885 524 1945 vel
543 1886 643 1964 digitis
663 1885 885 1947 moderantibus
903 1885 1043 1966 paulatim
1062 1888 1176 1964 insper-

163 1992 215 2053 ges
235 1983 264 2034 et
283 1974 406 2035 adsidue
426 1973 607 2053 spathomela
626 1975 825 2035 commovebis
839 1983 869 2035 et
888 1973 1090 2055 permiscebis,
1109 1982 1177 2053 post
1191 1988 1219 2027 2⁰

163 2061 235 2122 haec
255 2064 353 2122 omnia
371 2066 471 2124 mittes
486 2062 584 2123 oleum
598 2063 862 2124 chamaemelinum
874 2072 904 2124 et
918 2066 1027 2125 iterum
1041 2066 1104 2142 igni
1117 2082 1176 2125 non

164 2152 254 2210 nimio
274 2150 407 2229 adposita
431 2150 486 2211 olla
508 2151 586 2213 lente
608 2160 638 2212 et
657 2152 798 2231 paulatim
817 2152 966 2231 decoques
985 2152 1177 2233 medicamen,

165 2242 204 2299 ita
229 2238 358 2300 utillud
388 2258 475 2301 manu
503 2258 562 2300 non
592 2243 760 2320 contingas,
788 2241 841 2301 sed
870 2240 1051 2321 spathomela
1074 2243 1176 2319 agites,

110 2342 145 2390 20
165 2326 306 2389 Confecto
325 2336 424 2389 autem
445 2329 637 2389 medicamine
658 2332 752 2390 uteris
772 2333 828 2391 sic:
851 2330 895 2390 Ad
912 2330 1045 2391 dolorem
1064 2338 1176 2409 tempo-

166 2435 231 2478 rum
255 2416 302 2477 vel
318 2419 480 2493 ,emicranii
502 2418 593 2479 linteo
619 2420 715 2497 spisso
734 2419 859 2479 induces
878 2420 1126 2480 medicamentum
1146 2427 1175 2479 et
1189 2431 1218 2471 2⁵

165 2508 207 2566 sic
233 2506 323 2567 ironti
346 2505 392 2567 vel
415 2506 599 2586 temporibus
624 2508 763 2587 adpones.
799 2508 831 2568 Si
848 2526 920 2567 vero
943 2526 1047 2569 umore
1071 2509 1178 2587 eapitis

165 2598 385 2657 reumatizantis
416 2596 494 2657 oculi
521 2596 736 2677 gravabuntur,
765 2615 819 2675 per
846 2604 938 2658 totam
966 2597 1093 2656 frontem
1118 2614 1176 2656 em·

164 2684 309 2763 plastrum
333 2685 487 2747 inductum
507 2684 597 2745 linteo
618 2684 755 2746 similiter
774 2687 908 2764 inpones.
949 2686 981 2745 Si
1004 2687 1035 2744 in
1055 2684 1177 2746 naribus

164 2772 210 2833 vel
238 2776 268 2833 in
296 2773 419 2834 auribus
448 2774 531 2834 dolor
560 2782 611 2835 aut
639 2772 747 2835 vulnus
776 2775 867 2835 luerit
896 2775 957 2834 sive
986 2773 1176 2834 carnulentae

165 2868 253 2921 erunt
281 2871 332 2921 aut
359 2879 445 2921 umor
468 2861 537 2921 inde
560 2861 704 2941 manabit,
729 2860 794 2922 oleo
817 2880 939 2923 rosaceo
963 2862 1092 2923 solutum
1115 2877 1217 2922 mc-ao
1290 2917 1292 2942 ,

165 2950 298 3010 dicamen
322 2950 462 3009 inmittes.
500 2948 532 3009 Si
555 2950 656 3009 lauces
679 2952 785 3029 angina
804 2949 850 3012 vel
868 2951 1024 3030 glandulae
1043 2959 1073 3011 et
1091 2969 1177 3029 paro·
1290 2950 1292 2958 ’

164 3037 242 3098 tides
269 3040 479 3115 occupaverint
502 3046 553 3097 aut
579 3040 699 3116 inguina
723 3039 876 3118 paniculae
900 3041 1123 3121 temptaverint,
1146 3042 1177 3099 in

164 3127 249 3186 initio
273 3125 383 3185 doloris
406 3125 589 3186 medicamen
613 3126 704 3187 linteo
727 3128 892 3209 inductum,
916 3128 968 3189 sed
992 3130 1105 3190 siccum
1128 3128 1177 3189 ad-

163 3233 265 3294 pones.
302 3214 385 3274 Facit
408 3223 438 3275 et
461 3214 496 3274 ad
521 3214 632 3293 splenis
657 3216 789 3277 dolorem
808 3217 887 3278 aluta
905 3217 1060 3279 inductum
1080 3226 1109 3278 et
1128 3217 1177 3277 ad-

237 3355 319 3419 iges
339 3349 509 3417 ampeliiem.
569 3353 682 3421 propiet
701 3370 793 3420 quem.
853 3359 945 3423 ages.
1001 3353 1176 3423 9defryges.

165 3420 319 3475 9celeiien.
364 3420 619 3476 12iereheniinam.
670 3440 805 3478 umorem.
848 3423 1176 3493 20spatomeli‚item23.

164 3497 197 3546 21
217 3490 467 3547 chamaemelinum
486 3494 598 3561 scripsi:
617 3493 842 3549 chamaemilum.
914 3499 948 3547 25
970 3493 1126 3565 emigrenii.
