2609 4017
512 189 730 253 „57-

109 355 245 433 positum
277 369 394 414 necnon
427 362 456 414 et
490 351 616 413 laterum
646 351 742 412 dolori
769 351 891 431 prodest
919 350 1055 411 similiter
1083 354 1126 411 in-

110 444 252 523 positum.
299 441 449 522 Empyicis
472 460 541 501 vero
567 438 611 500 vel
635 442 839 520 aemoptpicis,
862 441 894 500 id
917 448 963 500 est
986 442 1037 519 qui
1060 457 1125 500 san·-

110 533 234 611 guinem
257 530 293 591 de
317 529 482 591 visceribus
505 548 559 609 per
582 548 615 590 os
639 532 776 611 eiectant,
796 528 937 609 proderit,
964 531 989 588 si
1013 528 1126 590 thoraci

111 619 270 680 inductum
298 618 376 680 aluta
407 622 575 699 inponatur.
622 619 704 679 Facit
739 626 768 679 et
801 618 836 677 ad
870 625 1003 679 reumata
1035 617 1126 677 etad

82 708 262 769 sarthritim
290 725 345 787 pro
372 708 545 786 malagmate
571 708 752 789 adpositum,
782 706 929 787 protrahit
952 714 982 767 et
1005 706 1126 785 sagittas

111 804 142 857 et
161 796 252 857 sudes
271 805 301 857 et
320 799 345 857 si
365 815 421 875 qua
441 798 560 876 corpori
579 795 771 875 inhaeserint,
794 795 931 856 similiter
950 796 1126 874 adpositum.

111 886 155 947 Ad
180 886 337 946 locavero
361 886 506 965 pudenda,
530 885 559 946 id
583 894 629 946 est
652 884 688 945 ad
712 903 819 964 penem
843 887 905 945 sire
924 884 959 945 ad
981 884 1125 965 podicem,

111 993 181 1034 cum
210 973 329 1053 aliquod
357 973 417 1035 illic
445 974 552 1035 vulnus
581 975 684 1053 luerit,
715 973 846 1035 solutum
877 973 1125 1033 medicamentum

111 1081 181 1124 cera
200 1072 230 1123 et
248 1062 313 1123 oleo
333 1065 459 1142 myrtino
479 1063 653 1142 adponetur.
685 1061 716 1123 Si
733 1081 803 1123 vero
817 1062 1014 1123 muliebribus
1027 1063 1126 1122 causis

72 1171 97 1210 ao
112 1152 205 1212 luerit
232 1154 447 1234 necessarium,
474 1152 503 1211 id
533 1159 579 1213 est
607 1154 632 1211 si
661 1151 744 1212 vulva
770 1151 902 1211 dolorem
926 1150 972 1211 vel
995 1152 1126 1211 carcino-

112 1248 190 1301 mata
215 1242 409 1319 contraxerit,
437 1248 565 1320 ponetur
588 1259 655 1301 cum
680 1240 745 1301 oleo
769 1242 915 1322 susinato,
943 1242 983 1301 ita
1009 1248 1043 1300 nt
1067 1258 1126 1300 em·

111 1328 257 1409 plastrum
282 1336 384 1389 contra
408 1327 491 1389 illum
515 1328 622 1410 locum,
646 1331 747 1408 quiin
766 1348 855 1390 causa
874 1338 928 1409 est,
951 1329 1125 1408 adponatur.

111 1418 156 1477 Ad
176 1415 375 1478 carbunculos
394 1436 464 1479 sane
484 1425 514 1478 et
533 1418 688 1479 anthracas
712 1426 742 1479 et
766 1417 903 1479 escharas
922 1417 1037 1497 aliaque
1058 1436 1125 1478 ren·
1144 1425 1178 1473 21

111 1508 281 1566 matinantia
306 1505 350 1565 vel
373 1506 409 1567 ad
433 1514 562 1567 strumas
584 1516 614 1568 et
637 1515 817 1586 apostemata
840 1506 1023 1567 medicamen
1048 1506 1125 1566 solu·

72 1605 176 1656 ratum
204 1594 419 1674 aliquantulum
448 1595 534 1655 melle
562 1594 685 1656 debebis
717 1596 874 1675 adponere.
921 1594 994 1655 Cum
1028 1603 1126 1655 autem

111 1693 254 1763 purgatae
284 1683 395 1744 luerint
422 1684 545 1763 pusulae
566 1684 611 1744 rel
635 1683 826 1744 collectiones
850 1691 880 1743 et
903 1683 1039 1761 vulnera,
1063 1690 1125 1742 tum

111 1774 176 1832 sine
205 1770 292 1832 melle
326 1772 517 1851 emplastrum
548 1790 616 1833 cum
650 1790 725 1851 puro
758 1771 953 1832 medicamine
985 1770 1125 1849 adpones.

111 1859 196 1921 Facit
224 1868 254 1921 et
282 1860 317 1921 ad
347 1860 520 1922 furunculos
544 1860 681 1921 similiter
705 1862 818 1921 siccum
841 1859 1009 1938 adpositum
1037 1868 1067 1920 et
1090 1860 1124 1919 ad

111 1967 231 2009 omnem
250 1948 387 2029 pusulam
407 1958 437 2010 et
455 1949 600 2009 maculam
619 1949 794 2031 curandam,
818 1950 931 2027 rumpit
951 1950 1031 2009 enim
1051 1967 1125 2028 quae

72 2057 99 2097 ao
113 2046 254 2099 concreta
278 2045 348 2098 sunt
371 2047 401 2099 et
424 2045 531 2117 purgat
554 2046 584 2098 et
609 2039 770 2100 cicatricat.
807 2036 880 2098 Cum
900 2047 998 2099 autem
1018 2037 1126 2098 vulnus

111 2134 172 2207 est,
201 2126 237 2189 de
266 2145 325 2206 quo
354 2126 519 2187 inmodicus
553 2129 674 2206 sanguis
701 2129 846 2208 erumpit,
875 2126 1041 2205 adpositum
1069 2126 1126 2187 hoc

111 2216 361 2276 medicamentum
388 2214 457 2276 ilico
485 2223 516 2275 et
543 2218 716 2294 sanguinem
744 2218 823 2276 sistit
851 2223 881 2275 et
910 2214 1018 2276 vulnus
1041 2222 1126 2275 curat

111 2312 141 2365 ct
165 2311 265 2365 cutem
285 2305 463 2383 constringit
481 2313 511 2365 et
530 2305 700 2365 cicatricem
720 2312 840 2365 tenuem
859 2303 938 2364 lacit.
972 2303 1178 2365 tresolanum

110 2401 212 2453 autem
246 2392 292 2452 vel
324 2395 488 2472 conpositio
518 2392 685 2471 adponendi
718 2392 891 2453 vulneribus
924 2392 1126 2453 medicaminis

72 2502 98 2542 aa
112 2482 181 2542 talis
206 2488 260 2543 est.
283 2480 383 2542 Mittas
407 2479 496 2542 huius
521 2482 723 2543 medicaminis
749 2515 786 2523 -
804 2481 845 2541 lll
863 2490 893 2541 et
911 2481 1021 2542 adicies
1041 2500 1126 2541 cerae

111 2604 154 2613 —
174 2569 196 2650 1,
216 2569 273 2631 olei
291 2572 401 2631 veteris
416 2604 458 2613 -
473 2569 523 2651 vt,
547 2570 594 2631 his
613 2589 693 2652 vero,
712 2572 764 2649 qui
782 2569 891 2629 babent
910 2572 1009 2630 autin
1029 2571 1126 2647 capite

111 2668 164 2719 aut
187 2661 217 2718 in
241 2659 364 2719 auribus
387 2667 437 2720 aut
461 2661 491 2719 in
511 2660 633 2720 naribus
652 2676 756 2720 causas
776 2666 805 2717 et
825 2657 954 2735 vulnera,
978 2656 1126 2734 adponen-

111 2747 183 2809 dum
211 2749 254 2808 sic
282 2746 413 2809 resolves
442 2747 624 2808 medicamen
655 2749 719 2807 sino
747 2764 829 2825 cera,
856 2744 953 2805 oleum
978 2763 1048 2805 sane
1072 2764 1126 2824 pro

110 2844 256 2917 tempore,
279 2836 309 2897 id
333 2844 379 2897 est
403 2838 428 2896 si
451 2845 548 2898 aestas
570 2837 669 2918 luerit,
693 2837 791 2897 minus
810 2835 934 2896 adicies:
957 2836 983 2896 si
1001 2834 1125 2915 hiemps,

70 2945 96 2985 ao
112 2924 239 3003 amplius
268 2924 416 2986 infundes.
462 2924 545 2986 Facit
573 2936 602 2987 et
630 2926 666 2986 ad
694 2944 812 2986 morsus
840 2925 969 2985 hominis
992 2931 1022 2985 et
1044 2926 1127 2985 canis

111 3013 216 3074 rabidi.
263 3012 427 3075 Nerrorum
456 3032 574 3093 quoque
604 3016 765 3075 incisiones
789 3013 835 3075 rel
858 3013 1026 3073 collisiones
1049 3014 1126 3074 saln-

112 3102 207 3163 briter
231 3110 329 3183 curat,
358 3101 467 3182 quibus
494 3120 562 3163 cum
586 3102 765 3164 medendum
788 3103 891 3183 luerit,
914 3102 1005 3162 addes
1028 3102 1126 3163 oleum

111 3209 269 3252 rosaceum
296 3210 363 3252 cum
392 3191 509 3252 modico
537 3200 621 3253 aceto
649 3192 732 3251 lanae
757 3191 876 3252 sucidae
899 3191 1006 3251 inluso.
1052 3190 1125 3250 Cum

112 3287 211 3341 autem
245 3280 420 3359 adposueris
452 3281 499 3340 his
532 3282 630 3341 causis
667 3280 724 3341 hoc
757 3280 1021 3358 medicamentum,
1059 3285 1126 3356 post

184 3421 200 3470 2
228 3415 420 3487 aemoptoicis.
528 3421 546 3470 4
572 3413 938 3470 threnmatuz'thraumuta
966 3413 1125 3469 Gorncriue.

112 3485 306 3543 barethrisim.
354 3487 526 3543 lbesoharas
549 3486 709 3542 scharadas.
757 3491 789 3540 19
804 3484 916 3539 malam.
963 3484 1124 3555 hahiemps.

112 3562 146 3612 30
165 3557 305 3614 infundas.
380 3563 412 3613 81
433 3558 478 3613 vel
497 3575 530 3614 co
544 3557 657 3615 lisiones
676 3574 725 3614 ora.

1147 3784 1234 3975 s
