2609 4017
598 164 752 229 —302
799 200 837 211 -

597 343 678 404 CAP.
701 342 841 404 XXVIIII.

211 456 266 515 Asi
284 456 400 513 colum
419 458 453 513 et
472 455 515 511 ed
533 454 624 510 ileon
641 455 794 510 remedie
805 453 947 525 physice
965 456 1000 509 et
1013 452 1218 510 rationabilia
1279 525 1280 530 ἵ

480 543 614 599 dlversc
636 544 680 598 de
703 542 955 613 experimentis.
1279 543 1280 574 l

175 694 189 740 1
300 680 378 740 Bene
403 680 473 741 lacit
496 679 532 739 ad
556 679 644 760 ileon,
669 679 748 758 quod
768 681 873 739 vitium
891 686 937 740 est
955 678 1069 740 inflatio
1087 681 1219 740 tenuium

211 770 429 849 intestinorum,
452 766 569 846 galbani
591 767 616 827 II
641 770 774 829 semissis
797 766 965 847 devoratus,
989 768 1044 829 sed
1064 769 1098 829 in
1116 767 1217 847 pilulas

211 856 322 917 divisus
351 856 424 917 duas
451 856 498 917 vel
525 863 606 937 tres,
635 864 734 918 movet
761 857 840 917 enim
867 863 987 917 ructum
1015 864 1046 916 et
1072 856 1218 917 mterdnm

210 943 300 1005 deicIt
323 952 444 1006 ventum
468 944 608 1005 deorsum
631 951 721 1024 atque
745 946 784 1005 ita
807 943 937 1022 prodest

174 1045 190 1091 2
298 1032 342 1093 Ad
366 1033 445 1094 idem
470 1034 573 1094 vitium
596 1033 721 1094 mirifice
744 1033 867 1111 prodest
889 1032 947 1092 hcc
964 1032 1238 1112 medicamentum,⁵

210 1120 280 1181 lacit
308 1129 407 1182 autem
436 1128 466 1182 et
494 1122 529 1181 ad
557 1120 659 1181 lateris
687 1119 820 1181 delerem
847 1127 878 1180 et
905 1119 941 1180 ad
967 1138 1085 1182 omnem
1108 1129 1217 1199 partem

210 1211 345 1287 corporis
367 1211 532 1289 interioris,
562 1211 671 1288 accipIt
697 1210 784 1270 haec:
820 1208 913 1269 llauci
940 1211 1076 1289 seminis,
1102 1211 1218 1287 panacis

208 1296 333 1378 radicis,
354 1298 482 1358 castorei
504 1299 587 1375 paria
610 1297 750 1378 pondera,
774 1305 858 1358 rutae
882 1296 1030 1358 silvaticae
1053 1297 1219 1376 dimidium,

210 1387 344 1445 contusis
366 1384 414 1445 his
437 1384 595 1464 speciebus
617 1384 677 1446 mel
698 1386 864 1465 decoctum,
887 1385 966 1464 quod
985 1386 1122 1467 sufficiat,
1145 1386 1219 1446 adiel
1280 1401 1281 1470 ζ

210 1480 329 1553 oportet
357 1479 446 1552 atque
475 1473 544 1535 iude
569 1474 633 1535 dari
657 1473 683 1533 X
706 1473 838 1553 singulos
861 1482 912 1534 ant
934 1475 1084 1535 victoriati
1104 1474 1249 1553 pondns1⁰
1280 1473 1281 1522 ἒ

210 1580 246 1621 ex
269 1579 362 1641 aquae
386 1562 497 1623 calidae
521 1561 635 1642 cyathis
658 1561 756 1623 tribus
780 1569 831 1624 aut
854 1561 979 1623 duobus.

174 1661 190 1709 3
298 1650 417 1729 Optime
435 1650 505 1711 lacit
517 1650 554 1710 ad
568 1649 647 1711 ileon
661 1649 834 1712 huiusmodi
846 1649 1050 1711 medicaminis
1063 1668 1119 1729 per
1132 1668 1219 1712 anum

209 1740 352 1799 inmissio.
394 1738 515 1800 Malvam
544 1746 574 1799 et
601 1738 721 1799 laeuum
748 1756 889 1817 graecum
914 1756 983 1799 cum
1006 1756 1082 1818 aqua
1104 1746 1219 1817 oportet

208 1825 285 1887 bene
314 1828 403 1905 coqui
430 1833 519 1905 atque
542 1826 611 1887 inde
636 1828 715 1887 sumi
736 1826 894 1888 hemiuam.
934 1825 1008 1888 Item
1032 1828 1065 1886 in
1087 1826 1153 1888 cleo
1176 1844 1217 1887 se-

209 1913 350 1976 cundario
376 1916 538 1994 incoquere
566 1923 665 1977 rutam
692 1914 783 1975 debes
807 1932 894 1994 qnam
917 1914 1075 1994 plurimam
1099 1923 1130 1976 et
1151 1915 1218 1975 hinc
1229 1924 1249 1964 1⁵

207 2002 357 2063 heminam
385 2002 510 2063 calidam
537 2003 654 2064 adicere
682 2005 777 2082 priori
802 2020 904 2081 aquae.
946 2002 1061 2074 QuIbus
1085 2006 1219 2083 utrisque

209 2089 367 2149 admisceri
389 2092 528 2152 convenit
550 2091 687 2152 afronitri
710 2093 893 2152 semunciam
921 2099 951 2152 et
973 2093 1015 2152 ita
1036 2110 1093 2170 per
1115 2092 1217 2173 clyste-

208 2194 273 2237 rem
300 2176 427 2237 calidum
450 2177 633 2244 medicamen
657 2181 776 2241 inmitti.
817 2178 879 2239 llac
903 2197 957 2257 ego
980 2181 1141 2241 iuieeticne
1164 2182 1217 2241 iam

209 2272 326 2325 stercus
353 2282 408 2343 per
435 2283 469 2325 cs
498 2268 654 2328 eicientem
679 2267 840 2347 quendam,
868 2268 949 2346 quod
976 2269 1095 2346 signum
1119 2270 1217 2330 murti·

208 2354 304 2413 lerum
338 2361 399 2432 est,
432 2357 540 2415 sanavi.
585 2355 639 2416 Est
670 2363 770 2416 autem
797 2357 904 2416 vitium
933 2356 1250 2434 periculosissimum²⁰

208 2441 281 2503 ileos
305 2449 335 2502 ct
356 2442 414 2503 hcc
438 2444 505 2504 ideo
526 2446 606 2503 inter
623 2446 783 2523 praecipua
802 2444 933 2505 remedia
952 2444 1098 2525 retertur,
1121 2463 1217 2524 quam

208 2530 311 2592 obrem
335 2549 403 2592 cnm
427 2549 532 2609 magna
552 2531 660 2592 fiducia
678 2531 736 2593 hec
754 2549 849 2610 genus
867 2533 933 2592 vitii
951 2532 1008 2592 hoc
1025 2533 1217 2595 medicamine

209 2618 372 2680 sanandum
396 2620 518 2697 adgredi
540 2620 692 2681 debemus.

173 2717 191 2765 4
297 2706 342 2766 Ad
365 2706 423 2768 ccli
445 2707 628 2769 inflationem
651 2706 728 2767 hene
751 2707 822 2767 facit
845 2709 955 2787 cymini
973 2706 1100 2769 silvatici
1118 2726 1217 2771 semen

207 2812 262 2873 per
290 2811 321 2855 se
350 2802 384 2855 ut
411 2803 457 2856 est
484 2795 585 2857 datum
614 2797 720 2856 tritum
753 2802 897 2874 quantum
929 2795 1067 2857 cocliaria
1100 2798 1161 2857 tria
1189 2800 1248 2856 in²⁵

209 2898 302 2959 aquae
326 2883 436 2943 calidae
461 2883 573 2962 cyathis
597 2890 748 2963 quattuor.

173 2979 189 3029 5
296 2968 370 3029 Nam
398 2969 480 3031 Cassi
509 2972 617 3033 medici
644 2970 737 3032 colice
764 2990 833 3031 vera
867 2972 968 3033 multIs
998 2978 1068 3033 nota
1096 2980 1217 3052 propter

209 3055 345 3118 ellectum
369 3057 442 3119 haec
466 3066 520 3139 est,
543 3066 577 3120 nt
599 3058 635 3119 ab
660 3061 725 3119 eius
748 3078 833 3120 servo
857 3059 982 3121 Admeto
1003 3061 1107 3138 accepi
1123 3060 1216 3140 legate

208 3143 309 3206 'liberi
332 3145 474 3226 Caesaris,
497 3150 550 3225 qui
574 3165 638 3207 eam
662 3147 768 3208 solitus
790 3155 853 3208 erat
872 3166 1053 3227 componere
1072 3151 1131 3210 sict
1154 3148 1214 3227 Apii

208 3235 329 3295 semiuis
353 3236 543 3315 semunciam,
567 3238 650 3295 anesi
673 3237 800 3316 unciam,
823 3239 951 3298 castorei
975 3238 1079 3299 unciae
1104 3245 1247 3299 sextan-sc

297 3443 330 3492 15
349 3437 428 3493 debis
447 3444 496 3493 lm
519 3440 603 3493 debes
620 3444 679 3495 2m.
772 3445 805 3494 1⁷
827 3440 947 3495 clistcre.
1039 3446 1074 3495 2⁸
1092 3440 1214 3497 Admeto

206 3506 331 3562 &neon
403 3508 503 3577 accipi.
