2609 4017
470 159 713 224 -175—

93 321 201 402 1311333
224 322 357 382 omnium
380 323 549 400 specierum
571 339 660 400 pares
683 339 840 384 mensuras
859 331 922 382 tere
940 321 1099 401 diligenter

93 419 120 470 et
139 412 168 469 in
190 409 345 489 pulverem
367 411 576 471 tenuissimum
599 410 701 489 redige
730 417 819 491 atque
847 429 883 471 ex
906 412 974 472 vino
998 418 1098 472 vetere

92 497 188 577 collige
214 497 305 578 paulo
333 500 477 580 crassius,
505 517 594 577 qnam
617 499 781 578 spissitudo
805 501 845 560 sit
868 499 977 581 mellis3
1003 518 1040 560 ex
1063 519 1099 560 eo

91 586 299 648 medicamento
332 588 369 648 ad
400 605 570 650 mensuram
602 590 766 668 victoriati,
801 588 832 648 id
865 596 910 649 est
942 589 1098 650 dimidium

70 675 253 757 sdraohmae,
283 675 367 736 dabis
394 685 516 755 ruptum
540 684 570 736 et
592 677 745 738 infirmum
769 677 954 738 stomachum
976 677 1099 743 habenti

90 767 117 824 in
133 764 227 826 tribus
251 765 367 844 cyathis
385 783 478 844 aquae
498 764 609 826 calidae
628 768 711 827 eunti
728 764 901 848 dormitum3
920 766 1099 828 beneficium

90 854 205 914 remedii
233 855 332 932 prima
359 856 460 914 statim
488 856 608 932 potione
639 856 781 934 sentitur,
814 855 944 916 secunda
971 855 1098 917 incredi-

89 941 149 1002 bilis
171 943 329 1022 proiectus
351 950 410 1022 est,
437 945 527 1004 tertia
554 945 670 1004 curatio
699 944 796 1004 omnis
818 945 1025 1021 potentissime
1049 963 1098 1005 er·

90 1030 216 1108 plicatur.
252 1030 351 1092 Ovum
368 1033 520 1092 incoctum
539 1033 571 1092 in
589 1031 682 1093 calice
701 1031 876 1094 defunditur
894 1041 924 1092 et
937 1041 1016 1094 testa
1033 1035 1098 1094 elus
1117 1043 1150 1094 33

58 1135 80 1173 to
91 1138 155 1180 suco
181 1119 333 1182 marrubii
361 1119 502 1199 impletur
532 1122 620 1181 etin
650 1123 716 1200 ipso
744 1120 835 1181 331133
863 1120 1038 1183 defunditur
1070 1129 1100 1183 33

91 1207 177 1269 mellis
204 1210 314 1289 optimi
344 1209 514 1289 despumati
544 1209 734 1291 tantundem3
768 1210 865 1270 omnia
896 1209 971 1271 haec
1002 1211 1033 1270 in
1067 1227 1099 1271 se

89 1299 305 1375 permiscentur
332 1315 367 1358 ac
394 1298 541 1376 tepefacta
567 1298 761 1379 hauriuntur3
788 1301 863 1359 miro
891 1299 979 1360 modo
1007 1301 1099 1359 vomi·

90 1404 132 1445 cas
153 1393 303 1466 rumpunt
325 1395 355 1448 et
378 1387 415 1447 ad
438 1388 594 1448 sanitatem
617 1386 801 1448 laborantem
824 1388 1009 1449 stomachum
1033 1405 1099 1466 per·

90 1473 201 1535 ducunt.
247 1475 285 1536 ln
312 1494 367 1536 ovo
391 1474 495 1537 sorbili
517 1477 653 1538 cimicem
679 1493 771 1537 unum
794 1479 956 1537 contritum
980 1479 1099 1538 ieiunus
1117 1487 1153 1536 34

58 1564 222 1641 1⁵ignorans
259 1566 314 1644 qui
346 1564 480 1644 sorbeat,
512 1565 630 1625 desinet
661 1582 797 1645 vomere3
828 1559 890 1626 'hoe
927 1582 1015 1644 saepe
1051 1583 1099 1625 ex·

89 1660 199 1729 pertum
222 1661 281 1714 est.

171 1740 346 1821 Conpositio
369 1742 572 1803 medicaminis
596 1742 632 1803 ad
656 1743 765 1802 arteria
786 1740 916 1802 sananda
939 1743 996 1801 sic:
1020 1739 1102 1801 Costi
1119 1751 1153 1802 33

91 1821 180 1914 7illl,
196 1835 299 1910 spicae
313 1831 400 1892 nardi
414 1823 514 1917 ‘9'le
527 1832 641 1910 piperis
656 1822 755 1916 2111,
769 1829 877 1890 radicis
891 1828 995 1908 lappae
1008 1831 1096 1890 maio·

91 1919 137 1999 ris,
149 1919 178 1979 id
192 1928 239 1981 est
252 1919 365 1981 herbae
379 1937 579 1999 personaceae
589 1912 629 2006 2·
639 1918 688 1982 lll.
712 1918 791 1980 llaec
806 1919 904 1980 omnia
918 1918 1006 1980 simul
1020 1926 1100 1980 teres

59 2009 231 2070 cetreiano
250 2011 285 2069 in
303 2007 409 2070 balneo
428 2028 464 2070 er
483 2011 551 2069 vino
570 2008 695 2070 candido
713 2007 840 2070 hibenda
854 2010 992 2088 protinus
1006 2007 1099 2070 dabis.

91 2093 199 2158 llerbae
226 2099 394 2158 vettonicae
422 2097 492 2158 lolia
519 2097 648 2159 arelacta
672 2106 797 2159 contusa
820 2097 1008 2177 cribrataque
1032 2115 1099 2176 pro·
1118 2108 1154 2158 33

92 2193 155 2246 sunt
172 2188 357 2268 suspiriosis,
375 2188 402 2248 si
419 2205 455 2247 ex
475 2205 510 2247 eo
528 2186 652 2265 pulvere
671 2187 807 2249 cocliaria
826 2186 942 2266 singula
956 2205 992 2247 ex
1007 2204 1099 2265 aquae

92 2272 195 2336 calidae
216 2275 334 2356 cyathis
357 2275 475 2337 duobus
497 2277 591 2336 ieiuni
613 2277 780 2338 interiectis
803 2275 918 2356 diebus,
942 2274 1036 2336 donec
1056 2294 1099 2336 sa·

92 2371 203 2446 nentur,
225 2363 366 2425 biberint.
398 2366 491 2446 Aqua,
514 2382 591 2442 quae
613 2366 646 2425 in
669 2363 810 2426 arborum
828 2363 942 2426 lacunis
960 2365 1099 2442 carisque
1118 2373 1154 2423 37

60 2461 81 2503 43
93 2453 250 2514 corticibus
269 2455 433 2514 consistere
457 2455 621 2535 consuevit,
644 2455 809 2532 suspirioso
832 2454 918 2532 potui
938 2451 1005 2512 data
1024 2452 1099 2512 cele·

93 2541 159 2601 riter
181 2560 253 2604 eum
276 2541 392 2603 sanabit
414 2549 504 2621 atque
527 2543 609 2603 omni
630 2541 765 2621 periculo
790 2539 942 2620 liberabit,
970 2541 996 2599 si
1024 2539 1099 2600 adsi-

92 2626 144 2690 due
165 2631 213 2692 331
236 2633 302 2709 ipsa
324 2649 399 2711 pura
423 2631 517 2692 calida
539 2630 586 2692 vel
609 2631 701 2691 mixta
724 2637 853 2709 potetur.

174 2719 264 2782 Sitim
287 2719 450 2800 quamlibet
471 2719 626 2781 molestam
648 2719 809 2800 reprimes,
839 2719 866 2778 si
893 2733 998 2796 aquam
1026 2718 1100 2795 tepi-
1119 2727 1156 2778 33

93 2804 154 2868 dam
181 2827 251 2871 cnm
279 2808 343 2870 oleo
371 2809 548 2888 permixtam
577 2807 690 2870 biberis
718 2814 748 2868 33
778 2808 919 2869 continuo
943 2809 1101 2888 vomueris,

62 2903 83 2945 tt
94 2892 247 2977 denuoque
265 2899 293 2958 si
310 2916 433 2959 necesse
452 2897 543 2958 luerit
561 2897 590 2958 id
605 2897 706 2978 facies,
724 2915 784 2975 quo
798 2896 876 2957 lacto
890 2896 956 2956 sitis
975 2897 1100 2958 maxima

95 2989 284 3048 consenescit.
330 2985 491 3048 Gallinacei
517 2988 565 3047 ovi
591 2985 725 3048 vitellum
755 2987 948 3047 semicoctum
976 2984 1100 3064 oleoque
1119 2995 1156 3045 33

94 3076 268 3148 permixtum
288 3077 314 3136 31
333 3077 401 3154 quis
419 3074 547 3155 sorbeat,
566 3076 649 3136 sitire
664 3075 790 3136 desinet.
819 3073 959 3155 Lapidem
974 3073 1011 3135 de
1025 3092 1099 3152 aqua
1119 3084 1157 3134 43

94 3159 209 3224 fontana
231 3163 381 3226 sublatum
405 3166 504 3226 statim
527 3162 707 3244 sublingua
730 3181 807 3244 pone
831 3171 862 3224 33
881 3163 942 3224 illic
961 3162 1099 3241 aliquam-

96 3247 143 3311 diu
160 3261 238 3334 tene,
257 3254 340 3315 sitire
359 3253 486 3315 desines.
517 3252 724 3333 Glycyrrhizae
738 3252 892 3314 surculum
906 3268 1030 3331 parvum
1044 3249 1100 3311 suh
1119 3260 1154 3310 41

180 3465 213 3514 10
230 3458 294 3530 ipso
313 3459 432 3516 calicem
450 3461 518 3530 (sic).
571 3466 604 3514 1⁷
622 3459 755 3516 arteriam
770 3456 924 3514 sanandam
940 3456 1100 3513 Ooroariue.

97 3531 265 3587 recundito.
338 3537 373 3586 33
391 3531 522 3589 vomeris.
594 3537 629 3586 34
648 3529 811 3601 glycerizae.
