2609 4017
481 172 724 238 -281-

86 332 182 394 melle
205 335 303 395 Attico
323 342 376 395 aut
393 352 462 395 cum
481 336 547 395 vino
567 342 686 396 austero
706 335 846 396 candenti
864 335 944 395 ierro
966 334 1108 396 calefacto

85 422 258 483 bibendum
282 423 462 503 dysinterico
487 423 584 504 dabis3
607 425 683 483 mire
705 424 848 503 proderit.

186 510 290 573 Ovum
310 513 549 573 recentissimum
578 514 693 590 aperies
717 516 801 573 etin
825 512 946 574 calicem
969 511 1109 574 vacuabis
1127 522 1162 571 aa

88 618 129 661 ac
157 608 266 661 testam
294 603 358 661 eius
386 600 523 680 implebis
550 599 637 661 melle
661 604 772 680 optimo
795 602 969 680 despumato
993 620 1110 663 necnou

57 688 160 751 soleo
190 688 279 749 viridi
305 688 384 749 bono
412 697 443 749 et
469 692 501 750 in
528 691 627 769 ipsum
650 689 772 751 calicem
795 690 940 752 defundes
963 710 997 753 ac
1021 689 1110 752 simul

90 780 197 839 omnia
220 777 414 856 permiscebis
435 785 465 838 et
484 778 536 839 diu
554 777 679 857 agitabis
698 797 732 839 ac
750 786 854 857 postea
871 781 903 839 in
922 781 1016 841 calida
1034 798 1109 860 aqua

89 869 197 945 ipsum
220 866 342 927 calicem
365 867 526 945 tepefacies
550 875 580 927 et
604 869 647 928 sic
666 866 750 928 dabis
769 867 958 951 dysinterico,
982 871 1031 931 oui
1049 887 1110 929 me·

90 955 229 1017 dendum
252 957 322 1035 erit3
345 957 419 1016 mire
442 955 585 1034 proderit.

187 1043 248 1104 llos
267 1045 414 1104 marinum
435 1046 497 1104 sive
515 1044 589 1105 rhus
608 1043 761 1126 orientale,
785 1044 865 1123 quod
884 1052 930 1105 est
952 1049 1109 1128 minutum,
1127 1054 1163 1104 40

47 1154 75 1193 1o
91 1132 226 1213 rebium,
250 1131 345 1193 simile
369 1131 535 1213 lenticulae,
559 1140 702 1212 quamum
726 1132 823 1194 tribus
842 1132 943 1212 digitis
962 1135 1109 1213 prendere

89 1222 242 1303 potueris,
264 1223 365 1281 mittes
388 1224 420 1282 in
442 1224 617 1282 mortarium
636 1229 666 1282 et
685 1229 765 1283 teres
785 1241 852 1283 cum
872 1224 940 1283 vino
959 1231 989 1285 et
1007 1232 1110 1303 postea

90 1314 128 1371 in
156 1308 237 1370 aliud
266 1309 417 1371 vasculum
443 1312 545 1371 mittes
573 1309 697 1371 calidam
720 1318 809 1391 atque
833 1311 875 1373 ibi
897 1314 1057 1390 tepefacies
1080 1321 1111 1374 et

91 1401 141 1461 sic
166 1397 250 1459 dabis
273 1398 454 1478 dysinteriae
478 1397 653 1480 bibendum,
682 1402 781 1460 statim
808 1400 1033 1483 remediabitur3
1058 1402 1110 1463 sed

91 1506 153 1568 per
175 1487 308 1549 triduum
331 1489 506 1548 continuum
529 1487 585 1548 hoc
604 1488 769 1549 remedium
788 1497 818 1550 et
836 1497 948 1571 postea,
972 1493 1110 1569 quotiens

49 1596 76 1637 1⁵
91 1578 189 1638 fuerit
211 1578 423 1658 necessarium,
446 1575 538 1637 dabis.

186 1664 302 1726 Vitrum
325 1675 405 1725 teres
429 1663 586 1743 diligenter
607 1673 638 1726 et
661 1664 801 1725 criblabis
819 1674 850 1727 et
868 1668 1000 1726 masticis
1021 1684 1110 1744 grana
1128 1672 1163 1720 41

92 1762 178 1815 teres
202 1761 290 1832 atque
314 1755 416 1833 aequis
440 1756 589 1813 mensuris
612 1753 807 1833 permiscebis
826 1762 856 1814 et
875 1772 910 1813 ex
929 1754 976 1815 his
995 1754 1111 1833 singula

94 1842 243 1904 coclearia
266 1842 445 1921 dysinterico
473 1844 505 1902 in
532 1844 600 1902 vino
628 1850 714 1903 cocto
738 1844 947 1921 pertriduum
971 1842 1017 1903 vel
1040 1861 1111 1923 quo·

94 1934 175 1992 tiens
200 1948 275 2010 opus
298 1931 389 1991 luerit
412 1929 509 2010 dabis,
532 1929 689 1991 miraberis
711 1932 877 1992 remedium
900 1933 1111 2011 experimentis

53 2040 80 2079 eo
96 2018 267 2100 probatum.
366 2082 367 2087 ,

188 2107 232 2167 Ad
265 2107 457 2187 dysinteriam
489 2107 656 2168 remedium
689 2109 898 2170 efficassimum
927 2111 984 2172 sic:
1016 2110 1111 2171 Rosae
1130 2114 1164 2162 42

96 2197 248 2259 silvaticae
271 2195 359 2257 bacas
383 2194 537 2277 oblongas,
560 2196 752 2278 rubicundas,
774 2207 915 2279 maturas,
937 2202 1034 2278 inpari
1056 2218 1111 2260 nu·

96 2304 182 2347 mero
198 2283 244 2345 vel
257 2283 308 2344 Vll
322 2284 368 2344 vel
381 2283 461 2344 Vllll
475 2283 521 2343 vel
536 2283 576 2343 Xl
595 2288 681 2345 tritas
697 2286 855 2365 diligenter
869 2287 952 2348 dabis
966 2287 1112 2349 laboranti

96 2376 280 2455 dysinterico
303 2373 340 2433 ad
363 2374 493 2452 potionis
516 2373 637 2434 modum
661 2393 729 2442 cum
752 2374 839 2435 melle
862 2375 960 2437 Attico
985 2379 1112 2455 styptico

55 2481 81 2521 25
97 2463 145 2525 rel
163 2464 234 2523 vino
252 2468 362 2541 vetere,
386 2464 490 2522 sinon
509 2460 699 2541 febricitabit,
722 2461 769 2522 vel
788 2481 857 2522 cum
876 2481 961 2541 aqua,
980 2466 1006 2523 si
1024 2464 1112 2524 sebri-

95 2550 218 2633 citabit,
245 2558 275 2611 et
303 2552 330 2610 si
357 2568 480 2610 necesse
509 2550 614 2631 inerit,
641 2549 854 2629 pertriduum
879 2549 976 2631 dabis,
1004 2554 1111 2611 mirum

95 2641 264 2720 experieris
286 2638 461 2699 remedium.

189 2727 234 2788 dd
257 2728 454 2807 dysintericos
477 2729 586 2787 mirum
609 2727 790 2806 remedium,
818 2726 898 2805 quod
925 2736 1060 2786 ventrem
1083 2734 1113 2786 et
1131 2730 1165 2779 43

95 2825 208 2898 purgat
231 2827 262 2877 et
285 2817 419 2895 stringit,
443 2817 499 2876 sic:
524 2814 615 2894 Gypsi
639 2817 791 2894 peregrini
813 2815 878 2875 triti
900 2848 945 2858 -
963 2814 985 2896 l,
1009 2833 1113 2895 specu·

57 2926 82 2965 so
97 2906 172 2968 laris
195 2904 334 2965 conbusti
357 2906 422 2964 triti
442 2936 480 2947 —-
497 2903 519 2984 l,
543 2903 579 2963 de
603 2906 690 2967 testis
713 2912 879 2965 ostrearum
899 2904 1113 2965 conbustarum

98 3028 142 3039 -
161 2994 184 3055 Ι.
217 2993 296 3055 llaec
316 2994 413 3053 omnia
432 3000 625 3072 posteaquam
644 2994 714 3053 trita
733 2994 845 3053 iruerint
864 3000 893 3054 et
912 2995 1012 3075 mixta,
1030 2993 1114 3055 tollet

97 3083 179 3164 inde,
200 3084 251 3162 qui
270 3080 352 3141 dabit
370 3081 544 3162 remedium,
563 3080 661 3142 tribus
680 3082 781 3161 digitis
799 3081 951 3160 prioribus
970 3100 1038 3143 oum
1052 3081 1114 3162 pol·

98 3172 156 3233 lice
188 3178 332 3251 quantum
360 3169 452 3230 semel
479 3187 585 3248 capere
613 3173 759 3252 potuerit,
789 3177 818 3230 et
846 3173 877 3231 in
905 3173 1025 3248 potione
1054 3171 1114 3229 vini

193 3329 207 3378 1
239 3322 325 3378 mello
356 3321 453 3377 Attico
485 3323 602 3391 scripsi.-
636 3323 762 3377 mettico.
907 3328 922 3376 ‘1
953 3320 1114 3391 dysinteria.
1156 3312 1161 3319 ’

101 3402 117 3451 9
146 3394 283 3455 orientale
310 3395 423 3463 scripsi.-
451 3393 625 3449 orientalem.
736 3399 768 3448 12
796 3392 919 3447 vasculo.
1007 3397 1039 3448 18
1069 3408 1115 3447 co·

101 3469 225 3609 aegilopia)¹
239 3471 272 3519 19
293 3464 385 3537 dabis]
405 3463 526 3519 dabitur.
587 3472 622 3519 24
641 3463 725 3519 melle
745 3463 840 3518 Attico
858 3463 971 3531 scripsi:
989 3462 1114 3519 mellico.
