2609 4017
502 203 720 269 ..35-

98 366 263 427 efficaciter
290 368 396 445 capitis
423 365 565 429 delerem.
608 366 694 427 Porci
722 369 826 427 sectivi
849 385 955 429 sucum
979 368 1168 435 6661661666

97 456 157 515 due
182 463 213 516 et
236 474 328 519 unum
352 454 449 517 mellis
468 457 615 534 permixta
633 457 714 517 ituro
731 455 895 517 dormitum
913 455 1009 517 66116
1027 476 1117 519 66666

96 543 145 605 rel
169 546 202 603 in
225 544 388 609 auriculam
411 544 546 624 tepidum
568 544 702 625 infunde,
725 547 826 606 statim
848 545 991 625 proderit.
1027 545 1114 607 Pelii
1133 559 1169 609 ec

95 650 168 695 uem
192 632 318 710 siliginis
341 632 471 697 admixto
490 633 623 695 66161166
642 642 673 694 et
691 635 843 713 quippiam
862 633 933 694 66116
951 634 1115 696 6661616616

65 738 80 777 s
95 732 128 783 et
140 722 234 783 fronti
248 721 365 787 16116116
377 728 410 787 61
422 722 515 785 166616
530 722 721 803 superligatc,
733 722 869 785 6616616116
884 731 938 785 661.
956 722 1114 806 tremum,
1133 737 1166 786 61

94 814 139 873 116
166 820 201 873 ut
224 809 260 871 de
287 810 375 873 166616
403 810 561 876 collectum
590 811 695 893 166611,
723 810 903 891 decoquitur
929 830 966 875 er
994 812 1114 873 616661

96 917 191 961 66666
214 900 280 962 eius
303 900 394 978 capiti
416 899 593 965 intenditur.
631 899 663 960 Si
682 900 720 961 de
738 902 845 979 capitis
862 900 965 961 delere
983 900 1114 962 difficilis
1131 915 1167 965 et

94 1005 223 1049 6666666
245 990 294 1069 611,
317 987 501 1067 amygdalino
521 988 586 1049 oleo
605 997 696 1069 caput
713 990 842 1067 perungi
859 996 987 1068 eportet
1024 989 1113 1051 Side

95 1076 160 1139 6616
185 1086 275 1155 caput
297 1076 408 1157 doleat,
438 1079 574 1157 cupressi
597 1076 668 1139 folia
689 1079 819 1139 coutrita
841 1096 911 1140 cum
933 1077 1053 1157 polenta
1075 1078 1113 1140 de

51 1165 211 1227 6611016160
236 1166 281 1225 vel
303 1164 464 1245 amygdalis
487 1173 518 1227 61
536 1184 613 1227 suco
636 1164 808 1245 portulacae
825 1166 918 1228 1666611
935 1166 1112 1228 inlinuntur.

93 1254 249 1333 Magnetas
272 1254 360 1335 lapis,
384 1256 437 1335 qui
459 1254 638 1334 antiphyron
661 1254 786 1337 dicitur,
809 1258 862 1335 qui
884 1255 999 1317 serrum
1020 1255 1165 1320 16611166

93 1352 128 1405 61
150 1344 251 1421 abicit,
274 1352 304 1405 61
326 1351 479 1422 magnetes
502 1343 586 1423 lapis,
608 1346 661 1423 qui
684 1346 859 1423 sanguinem
877 1346 1036 1406 6661111161
1054 1346 1112 1406 166·

92 1450 164 1493 rum
189 1432 227 1493 ad
250 1450 282 1492 66
304 1432 405 1507 trahit,
428 1432 504 1496 66116
527 1432 638 1511 alligati
661 1435 816 1495 66161666
839 1432 1112 1512 6666116166166

93 1522 169 1599 pitis
197 1520 363 1583 medentur.
408 1520 574 1600 Expertum
598 1529 644 1583 661
667 1520 741 1582 mibi
763 1520 896 1599 puleium
919 1524 950 1583 16
974 1520 1039 1582 6166
1062 1539 1111 1583 66·
1129 1535 1165 1583 64

50 1628 191 1689 sequere
215 1628 310 1688 ecque
335 1610 463 1671 16661666
486 1618 517 1671 61
542 1618 677 1688 tempora
699 1619 730 1670 61
753 1608 912 1671 cerebrum
934 1627 1111 1688 perungere.

93 1698 237 1761 Glebulas
256 1697 293 1759 de
311 1698 412 1761 limine
431 1698 478 1760 661
496 1700 561 1777 ipsc
581 1698 703 1759 cerdice
721 1715 822 1759 erasas
840 1715 910 1759 6666
924 1705 1008 1758 aceto
1022 1696 1112 1757 simul
1130 1710 1164 1760 66

93 1789 245 1867 permisce
269 1805 364 1865 ecque
387 1786 449 1849 luto
473 1786 601 1851 frontem
624 1786 731 1866 inline,
759 1804 819 1865 quc
841 1792 932 1864 caput
954 1785 1111 1847 confestim

93 1877 272 1955 gravissime
300 1875 403 1936 dolore
430 1875 585 1937 relevabis.
634 1875 729 1937 Terra
756 1875 820 1935 viva
847 1876 880 1937 in
907 1892 995 1936 ovum
1022 1876 1110 1935 inane
1129 1889 1164 1938 66

93 1966 233 2027 66616616
259 1972 290 2025 61
313 1964 370 2027 snb
389 1963 499 2030 lectum
523 1965 558 2026 ad
582 1971 673 2045 caput
694 1962 847 2025 conlocata
874 1966 962 2026 unice
979 1964 1110 2043 prodest

48 2070 77 2111 se
92 2053 161 2113 Duo
190 2052 357 2116 1611616661
384 2054 561 2117 circumcisa
588 2051 765 2118 6616616116
793 2054 953 2131 resinaque
980 2052 1110 2114 16661616-
1129 2067 1163 2116 66

92 2142 180 2203 thina
203 2140 365 2220 glutinatis
387 2150 418 2203 et
440 2143 577 2221 utrisque
600 2140 787 2221 temporibus
810 2140 934 2221 adfiges,
961 2142 1020 2201 uisi
1042 2140 1108 2203 red·

93 2230 159 2291 dita
186 2233 311 2293 sanitate
339 2248 399 2295 non
426 2229 573 2295 decident.
614 2229 817 2292 lliruudinum
842 2228 918 2308 pulli
939 2228 1055 2309 lapibus
1077 2232 1162 2292 1666

92 2318 271 2381 ventriculis
294 2317 404 2379 bebere
427 2328 619 2400 6666666661,
643 2336 680 2381 ex
703 2316 813 2397 quibus
834 2320 888 2397 qui
904 2316 965 2379 elbi
983 2319 1109 2383 61661666

92 2408 218 2486 fuerint,
236 2409 263 2469 si
280 2410 312 2470 iu
330 2425 420 2470 mann
439 2410 527 2471 etiam
546 2406 657 2486 singuli
674 2414 833 2469 teneantur
851 2408 1003 2467 66161666
1019 2414 1110 2486 caput

50 2514 78 2554 se
92 2496 158 2559 linc
181 2503 347 2574 nectantur,
371 2498 546 2559 veterrimos
569 2504 599 2557 61
622 2496 755 2559 diutinos
778 2496 885 2573 capitis
907 2494 1042 2556 mulcent
1057 2494 1109 2555 do

92 2584 190 2664 16666,
217 2586 275 2648 nisi
303 2592 442 2647 contactu
469 2593 567 2649 terrae
594 2583 765 2663 lapillorum-
789 2584 921 2661 potentie
949 2584 1108 2645 6616666166.

94 2673 232 2735 Cornicis
265 2672 422 2739 cerebrum
455 2684 573 2737 coctum
603 2680 634 2733 et
666 2670 733 2732 cibo
764 2676 916 2749 sumptum
945 2687 1051 2749 graves
1077 2676 1161 2733 6166

92 2765 275 2823 inveteratos
299 2761 417 2823 dolores
440 2763 545 2841 capitis
568 2760 678 2821 effectu
700 2757 829 2846 mirabili
847 2757 938 2837 pellit
975 2756 1108 2820 Vulturis
1126 2771 1161 2822 66

93 2849 221 2912 cerebro
248 2849 402 2930 paululum
429 2850 512 2911 cedri
539 2852 566 2913 si
592 2850 782 2913 inmiscueris
809 2854 840 2908 61
861 2865 949 2909 naues
971 2847 1042 2909 inde
1063 2849 1108 2909 iu·

51 2957 79 2998 66
93 2941 245 3001 trinsecus
259 2946 407 3018 caputque
416 2939 620 3020 perdricueris,
632 2956 735 3001 omnes
745 2935 864 2998 doleres
872 2938 972 2999 stetim
982 2938 1107 2999 minues.

93 3027 140 3089 Er
168 3046 355 3107 quecumque
385 3046 475 3089 causa
502 3027 691 3107 gravedinem
721 3027 828 3105 capitis
855 3032 1003 3105 66661666,
1031 3042 1107 3104 6666
1126 3037 1160 3087 61

93 3118 338 3197 intempestivum
368 3118 500 3181 concitet
526 3133 677 3195 somnum,
704 3116 769 3175 6166
792 3113 895 3175 dolore
918 3113 1054 3195 discutit,
1082 3116 1109 3173 61

95 3206 165 3283 quis
196 3206 378 3283 inpetigines
406 3207 439 3267 in
466 3206 543 3265 asini
569 3202 709 3265 eruribus
736 3202 912 3265 naturaliter
940 3209 1025 3263 66166
1056 3200 1107 3262 de·

95 3292 195 3355 trahat
217 3311 327 3372 easque
350 3295 382 3355 in
404 3292 524 3355 scobem
547 3291 700 3353 delimatas
726 3293 851 3353 inmixto
878 3298 963 3351 aceto
985 3288 1108 3355 naribus

169 3426 628 3487 1666116616166666166616266.
683 3426 977 3485 itduatmducim.
1032 3431 1108 3480 eor-

93 3502 165 3555 tum.
222 3504 255 3552 10
273 3500 429 3567 percaclse.
491 3505 522 3553 11
540 3496 685 3554 antefiscu.
737 3502 770 3551 18
784 3497 929 3552 relevabit
975 3495 1107 3553 16166166

95 3576 128 3624 21
153 3568 330 3640 glutticabis.
403 3567 651 3625 1116666616666.
723 3572 757 3623 119
775 3566 929 3637 paniolum.

909 3654 947 3708 3*

1145 3801 1294 3971 Q
