<?xml version="1.0" encoding="UTF-8"?>
<!DOCTYPE html PUBLIC "-//W3C//DTD XHTML 1.0 Transitional//EN"
    "http://www.w3.org/TR/xhtml1/DTD/xhtml1-transitional.dtd">
<html xmlns="http://www.w3.org/1999/xhtml" xml:lang="en" lang="en">
 <head>
  <title>
</title>
<meta http-equiv="Content-Type" content="text/html;charset=utf-8" />
  <meta name='ocr-system' content='tesseract 3.04.00' />
  <meta name='ocr-capabilities' content='ocr_page ocr_carea ocr_par ocr_line ocrx_word'/>
</head>
<body>
  <div class='ocr_page' id='page_1' title='image "./marcellidemedic03helmgoog_0265.png"; bbox 0 0 2609 4017; ppageno 0'>
   <div class='ocr_carea' id='block_1_1' title="bbox 479 176 718 243">
    <p class='ocr_par' dir='ltr' id='par_1_1' title="bbox 479 176 718 243">
     <span class='ocr_line' id='line_1_1' title="bbox 479 176 718 243; baseline 0 0"><span class='ocrx_word' id='word_1_1' title='bbox 479 176 718 243; x_wconf 82' lang='lat'><strong>-253-</strong></span> 
     </span>
    </p>
   </div>
   <div class='ocr_carea' id='block_1_2' title="bbox 56 339 1162 1131">
    <p class='ocr_par' dir='ltr' id='par_1_2' title="bbox 56 339 1162 1131">
     <span class='ocr_line' id='line_1_2' title="bbox 82 339 1107 419; baseline 0.001 -18"><span class='ocrx_word' id='word_1_2' title='bbox 82 344 120 401; x_wconf 92' lang='lat' dir='ltr'><strong>in</strong></span> <span class='ocrx_word' id='word_1_3' title='bbox 149 340 266 401; x_wconf 89' lang='lat' dir='ltr'><strong>balineo</strong></span> <span class='ocrx_word' id='word_1_4' title='bbox 294 342 326 399; x_wconf 93' lang='lat' dir='ltr'><strong>in</strong></span> <span class='ocrx_word' id='word_1_5' title='bbox 354 339 427 400; x_wconf 90' lang='lat' dir='ltr'><strong>solio</strong></span> <span class='ocrx_word' id='word_1_6' title='bbox 457 340 523 401; x_wconf 92' lang='lat' dir='ltr'><strong>data</strong></span> <span class='ocrx_word' id='word_1_7' title='bbox 550 343 635 419; x_wconf 85' lang='lat' dir='ltr'><strong>potui</strong></span> <span class='ocrx_word' id='word_1_8' title='bbox 663 341 718 402; x_wconf 88' lang='lat' dir='ltr'><strong>hac</strong></span> <span class='ocrx_word' id='word_1_9' title='bbox 748 341 915 401; x_wconf 90' lang='lat' dir='ltr'><strong>valetudine</strong></span> <span class='ocrx_word' id='word_1_10' title='bbox 938 341 1107 403; x_wconf 80' lang='lat' dir='ltr'><strong>laborantes</strong></span> 
     </span>
     <span class='ocr_line' id='line_1_3' title="bbox 83 427 713 491; baseline -0.006 0"><span class='ocrx_word' id='word_1_11' title='bbox 83 433 150 491; x_wconf 88' lang='lat' dir='ltr'><strong>cito</strong></span> <span class='ocrx_word' id='word_1_12' title='bbox 175 427 359 489; x_wconf 91' lang='lat' dir='ltr'><strong>remediahit.</strong></span> <span class='ocrx_word' id='word_1_13' title='bbox 709 433 713 438; x_wconf 83' lang='grc'><strong>’</strong></span> 
     </span>
     <span class='ocr_line' id='line_1_4' title="bbox 180 517 1162 595; baseline 0.001 -18"><span class='ocrx_word' id='word_1_14' title='bbox 180 518 222 577; x_wconf 83' lang='lat' dir='ltr'><strong>Ad</strong></span> <span class='ocrx_word' id='word_1_15' title='bbox 240 519 369 578; x_wconf 82' lang='lat' dir='ltr'><strong>nesciam</strong></span> <span class='ocrx_word' id='word_1_16' title='bbox 384 518 549 578; x_wconf 87' lang='lat' dir='ltr'><strong>remedium</strong></span> <span class='ocrx_word' id='word_1_17' title='bbox 565 520 621 579; x_wconf 90' lang='lat' dir='ltr'><strong>sic:</strong></span> <span class='ocrx_word' id='word_1_18' title='bbox 641 517 716 579; x_wconf 87' lang='lat' dir='ltr'><strong>Cera</strong></span> <span class='ocrx_word' id='word_1_19' title='bbox 731 518 824 579; x_wconf 87' lang='lat' dir='ltr'><strong>rubea</strong></span> <span class='ocrx_word' id='word_1_20' title='bbox 839 526 869 579; x_wconf 89' lang='lat' dir='ltr'><strong>et</strong></span> <span class='ocrx_word' id='word_1_21' title='bbox 884 526 1001 578; x_wconf 90' lang='lat' dir='ltr'><strong>stercus</strong></span> <span class='ocrx_word' id='word_1_22' title='bbox 1016 520 1107 595; x_wconf 86' lang='lat' dir='ltr'><strong>canis,</strong></span> <span class='ocrx_word' id='word_1_23' title='bbox 1128 530 1162 581; x_wconf 77' lang='grc'><strong>47</strong></span> 
     </span>
     <span class='ocr_line' id='line_1_5' title="bbox 85 606 1108 685; baseline 0 -18"><span class='ocrx_word' id='word_1_24' title='bbox 85 606 172 685; x_wconf 91' lang='lat' dir='ltr'><strong>quod</strong></span> <span class='ocrx_word' id='word_1_25' title='bbox 191 615 237 667; x_wconf 91' lang='lat' dir='ltr'><strong>est</strong></span> <span class='ocrx_word' id='word_1_26' title='bbox 256 606 368 684; x_wconf 83' lang='lat' dir='ltr'><strong>alhum3</strong></span> <span class='ocrx_word' id='word_1_27' title='bbox 386 606 442 666; x_wconf 92' lang='lat' dir='ltr'><strong>hoc</strong></span> <span class='ocrx_word' id='word_1_28' title='bbox 462 609 523 668; x_wconf 88' lang='lat' dir='ltr'><strong>sice</strong></span> <span class='ocrx_word' id='word_1_29' title='bbox 542 615 605 667; x_wconf 86' lang='lat' dir='ltr'><strong>turn</strong></span> <span class='ocrx_word' id='word_1_30' title='bbox 624 609 656 666; x_wconf 93' lang='lat' dir='ltr'><strong>in</strong></span> <span class='ocrx_word' id='word_1_31' title='bbox 676 607 738 668; x_wconf 85' lang='lat' dir='ltr'><strong>sole</strong></span> <span class='ocrx_word' id='word_1_32' title='bbox 757 615 788 668; x_wconf 90' lang='lat' dir='ltr'><strong>et</strong></span> <span class='ocrx_word' id='word_1_33' title='bbox 806 610 836 667; x_wconf 95' lang='lat' dir='ltr'><strong>in</strong></span> <span class='ocrx_word' id='word_1_34' title='bbox 856 608 977 667; x_wconf 89' lang='lat' dir='ltr'><strong>modum</strong></span> <span class='ocrx_word' id='word_1_35' title='bbox 997 606 1108 667; x_wconf 83' lang='lat' dir='ltr'><strong>farinae</strong></span> 
     </span>
     <span class='ocr_line' id='line_1_6' title="bbox 56 695 1110 775; baseline 0.004 -23"><span class='ocrx_word' id='word_1_36' title='bbox 56 696 258 755; x_wconf 79' lang='lat' dir='ltr'><strong>ecrihratum</strong></span> <span class='ocrx_word' id='word_1_37' title='bbox 282 712 350 755; x_wconf 91' lang='lat' dir='ltr'><strong>cum</strong></span> <span class='ocrx_word' id='word_1_38' title='bbox 374 695 466 755; x_wconf 83' lang='lat' dir='ltr'><strong>irrerit</strong></span> <span class='ocrx_word' id='word_1_39' title='bbox 487 703 655 775; x_wconf 90' lang='lat' dir='ltr'><strong>contusum,</strong></span> <span class='ocrx_word' id='word_1_40' title='bbox 679 695 760 756; x_wconf 92' lang='lat' dir='ltr'><strong>lento</strong></span> <span class='ocrx_word' id='word_1_41' title='bbox 781 698 844 775; x_wconf 84' lang='lat' dir='ltr'>igni</span> <span class='ocrx_word' id='word_1_42' title='bbox 862 714 949 757; x_wconf 86' lang='lat' dir='ltr'><strong>cerae</strong></span> <span class='ocrx_word' id='word_1_43' title='bbox 967 698 1110 756; x_wconf 81' lang='lat' dir='ltr'>remissae</span> 
     </span>
     <span class='ocr_line' id='line_1_7' title="bbox 85 782 1110 864; baseline 0 -19"><span class='ocrx_word' id='word_1_44' title='bbox 85 784 274 845; x_wconf 79' lang='lat' dir='ltr'><strong>admiscetur</strong></span> <span class='ocrx_word' id='word_1_45' title='bbox 301 800 356 861; x_wconf 91' lang='lat' dir='ltr'><strong>per</strong></span> <span class='ocrx_word' id='word_1_46' title='bbox 382 792 483 861; x_wconf 89' lang='lat' dir='ltr'><strong>partes</strong></span> <span class='ocrx_word' id='word_1_47' title='bbox 512 792 542 843; x_wconf 92' lang='lat' dir='ltr'><strong>et</strong></span> <span class='ocrx_word' id='word_1_48' title='bbox 571 782 628 843; x_wconf 94' lang='lat' dir='ltr'><strong>olei</strong></span> <span class='ocrx_word' id='word_1_49' title='bbox 651 802 773 864; x_wconf 89' lang='lat' dir='ltr'><strong>parum,</strong></span> <span class='ocrx_word' id='word_1_50' title='bbox 796 793 911 845; x_wconf 91' lang='lat' dir='ltr'><strong>tantum</strong></span> <span class='ocrx_word' id='word_1_51' title='bbox 935 791 970 844; x_wconf 95' lang='lat' dir='ltr'><strong>ut</strong></span> <span class='ocrx_word' id='word_1_52' title='bbox 991 784 1110 845; x_wconf 90' lang='lat' dir='ltr'><strong>mollius</strong></span> 
     </span>
     <span class='ocr_line' id='line_1_8' title="bbox 84 872 1109 952; baseline 0 -19"><span class='ocrx_word' id='word_1_53' title='bbox 84 873 172 933; x_wconf 88' lang='lat' dir='ltr'><strong>idem</strong></span> <span class='ocrx_word' id='word_1_54' title='bbox 195 872 342 932; x_wconf 87' lang='lat' dir='ltr'><strong>efficiatur</strong></span> <span class='ocrx_word' id='word_1_55' title='bbox 365 872 562 952; x_wconf 79' lang='lat' dir='ltr'><strong>medicamen3</strong></span> <span class='ocrx_word' id='word_1_56' title='bbox 592 872 645 933; x_wconf 90' lang='lat' dir='ltr'><strong>sed</strong></span> <span class='ocrx_word' id='word_1_57' title='bbox 669 880 755 933; x_wconf 87' lang='lat' dir='ltr'><strong>antea</strong></span> <span class='ocrx_word' id='word_1_58' title='bbox 781 882 879 933; x_wconf 89' lang='lat' dir='ltr'><strong>tamen</strong></span> <span class='ocrx_word' id='word_1_59' title='bbox 903 872 1109 952; x_wconf 78' lang='lat' dir='ltr'><strong>colocynthide</strong></span> 
     </span>
     <span class='ocr_line' id='line_1_9' title="bbox 85 961 1108 1041; baseline 0.001 -20"><span class='ocrx_word' id='word_1_60' title='bbox 85 970 120 1023; x_wconf 89' lang='lat' dir='ltr'><strong>et</strong></span> <span class='ocrx_word' id='word_1_61' title='bbox 149 962 304 1022; x_wconf 90' lang='lat' dir='ltr'><strong>centaurio</strong></span> <span class='ocrx_word' id='word_1_62' title='bbox 328 968 452 1021; x_wconf 88' lang='lat' dir='ltr'><strong>curetur</strong></span> <span class='ocrx_word' id='word_1_63' title='bbox 475 962 525 1021; x_wconf 93' lang='lat' dir='ltr'><strong>cui</strong></span> <span class='ocrx_word' id='word_1_64' title='bbox 547 961 727 1021; x_wconf 91' lang='lat' dir='ltr'><strong>medendum</strong></span> <span class='ocrx_word' id='word_1_65' title='bbox 751 969 813 1041; x_wconf 91' lang='lat' dir='ltr'><strong>est,</strong></span> <span class='ocrx_word' id='word_1_66' title='bbox 837 969 883 1040; x_wconf 90' lang='lat' dir='ltr'><strong>ut,</strong></span> <span class='ocrx_word' id='word_1_67' title='bbox 907 963 933 1022; x_wconf 90' lang='lat' dir='ltr'><strong>si</strong></span> <span class='ocrx_word' id='word_1_68' title='bbox 956 980 1016 1022; x_wconf 92' lang='lat' dir='ltr'><strong>uon</strong></span> <span class='ocrx_word' id='word_1_69' title='bbox 1039 980 1108 1041; x_wconf 90' lang='lat' dir='ltr'><strong>pro-</strong></span> 
     </span>
     <span class='ocr_line' id='line_1_10' title="bbox 85 1049 720 1131; baseline -0.002 -20"><span class='ocrx_word' id='word_1_70' title='bbox 85 1051 207 1131; x_wconf 83' lang='lat' dir='ltr'><strong>fecerit,</strong></span> <span class='ocrx_word' id='word_1_71' title='bbox 230 1050 415 1111; x_wconf 87' lang='lat' dir='ltr'><strong>curationem</strong></span> <span class='ocrx_word' id='word_1_72' title='bbox 438 1050 547 1110; x_wconf 89' lang='lat' dir='ltr'><strong>iterum</strong></span> <span class='ocrx_word' id='word_1_73' title='bbox 572 1049 720 1111; x_wconf 81' lang='lat' dir='ltr'><strong>adhibeas.</strong></span> 
     </span>
    </p>
   </div>
   <div class='ocr_carea' id='block_1_3' title="bbox 504 1242 708 1306">
    <p class='ocr_par' dir='ltr' id='par_1_3' title="bbox 504 1242 708 1306">
     <span class='ocr_line' id='line_1_11' title="bbox 504 1242 708 1306; baseline 0.01 -3"><span class='ocrx_word' id='word_1_74' title='bbox 504 1242 584 1304; x_wconf 80' lang='lat' dir='ltr'><strong>CAP.</strong></span> <span class='ocrx_word' id='word_1_75' title='bbox 607 1242 708 1306; x_wconf 83' lang='lat' dir='ltr'><strong>xxvi.</strong></span> 
     </span>
    </p>
   </div>
   <div class='ocr_carea' id='block_1_4' title="bbox 89 1349 1114 1691">
    <p class='ocr_par' dir='ltr' id='par_1_4' title="bbox 90 1349 1113 1413">
     <span class='ocr_line' id='line_1_12' title="bbox 90 1349 1113 1413; baseline -0.001 -1"><span class='ocrx_word' id='word_1_76' title='bbox 90 1349 246 1413; x_wconf 70' lang='lat' dir='ltr'><strong>&#39;Renium</strong></span> <span class='ocrx_word' id='word_1_77' title='bbox 273 1357 308 1411; x_wconf 90' lang='lat' dir='ltr'><strong>et</strong></span> <span class='ocrx_word' id='word_1_78' title='bbox 334 1353 466 1411; x_wconf 83' lang='lat' dir='ltr'><strong>vesicae</strong></span> <span class='ocrx_word' id='word_1_79' title='bbox 496 1355 672 1411; x_wconf 85' lang='lat' dir='ltr'><strong>doloribus</strong></span> <span class='ocrx_word' id='word_1_80' title='bbox 695 1360 731 1413; x_wconf 86' lang='lat' dir='ltr'><strong>et</strong></span> <span class='ocrx_word' id='word_1_81' title='bbox 753 1355 865 1413; x_wconf 84' lang='lat' dir='ltr'><strong>oensis</strong></span> <span class='ocrx_word' id='word_1_82' title='bbox 887 1357 1055 1413; x_wconf 83' lang='lat' dir='ltr'><strong>universis</strong></span> <span class='ocrx_word' id='word_1_83' title='bbox 1079 1360 1113 1413; x_wconf 89' lang='lat' dir='ltr'><strong>et</strong></span> 
     </span>
    </p>

    <p class='ocr_par' dir='ltr' id='par_1_5' title="bbox 91 1444 1112 1514">
     <span class='ocr_line' id='line_1_13' title="bbox 91 1444 1112 1514; baseline 0 -13"><span class='ocrx_word' id='word_1_84' title='bbox 91 1444 230 1501; x_wconf 80' lang='lat' dir='ltr'><strong>calonio</strong></span> <span class='ocrx_word' id='word_1_85' title='bbox 264 1446 299 1500; x_wconf 85' lang='lat' dir='ltr'><strong>et</strong></span> <span class='ocrx_word' id='word_1_86' title='bbox 330 1444 504 1512; x_wconf 78' lang='lat' dir='ltr'><strong>dyenriae,</strong></span> <span class='ocrx_word' id='word_1_87' title='bbox 537 1444 574 1499; x_wconf 87' lang='lat' dir='ltr'><strong>ld</strong></span> <span class='ocrx_word' id='word_1_88' title='bbox 605 1447 658 1500; x_wconf 88' lang='lat' dir='ltr'><strong>eet</strong></span> <span class='ocrx_word' id='word_1_89' title='bbox 688 1445 808 1502; x_wconf 82' lang='lat' dir='ltr'><strong>urinae</strong></span> <span class='ocrx_word' id='word_1_90' title='bbox 841 1446 1112 1514; x_wconf 79' lang='lat' dir='ltr'><strong>difficultatibus,</strong></span> 
     </span>
    </p>

    <p class='ocr_par' dir='ltr' id='par_1_6' title="bbox 89 1532 1114 1691">
     <span class='ocr_line' id='line_1_14' title="bbox 89 1532 1114 1603; baseline 0 -14"><span class='ocrx_word' id='word_1_91' title='bbox 89 1537 128 1589; x_wconf 90' lang='lat' dir='ltr'><strong>et</strong></span> <span class='ocrx_word' id='word_1_92' title='bbox 148 1532 360 1601; x_wconf 78' lang='lat' dir='ltr'><strong>stranguriae</strong></span> <span class='ocrx_word' id='word_1_93' title='bbox 376 1544 511 1588; x_wconf 85' lang='lat' dir='ltr'><strong>necnon</strong></span> <span class='ocrx_word' id='word_1_94' title='bbox 530 1536 565 1587; x_wconf 95' lang='lat' dir='ltr'><strong>et</strong></span> <span class='ocrx_word' id='word_1_95' title='bbox 582 1534 787 1589; x_wconf 81' lang='lat' dir='ltr'><strong>submeiulis</strong></span> <span class='ocrx_word' id='word_1_96' title='bbox 804 1534 955 1590; x_wconf 82' lang='lat' dir='ltr'><strong>remedie</strong></span> <span class='ocrx_word' id='word_1_97' title='bbox 972 1535 1114 1603; x_wconf 75' lang='lat' dir='ltr'><strong>physice</strong></span> 
     </span>
     <span class='ocr_line' id='line_1_15' title="bbox 223 1620 991 1691; baseline 0 -13"><span class='ocrx_word' id='word_1_98' title='bbox 223 1623 257 1678; x_wconf 92' lang='lat' dir='ltr'><strong>et</strong></span> <span class='ocrx_word' id='word_1_99' title='bbox 279 1620 491 1677; x_wconf 77' lang='lat' dir='ltr'><strong>rationabilia</strong></span> <span class='ocrx_word' id='word_1_100' title='bbox 516 1621 648 1677; x_wconf 79' lang='lat' dir='ltr'><strong>diversa</strong></span> <span class='ocrx_word' id='word_1_101' title='bbox 672 1622 715 1677; x_wconf 85' lang='lat' dir='ltr'><strong>de</strong></span> <span class='ocrx_word' id='word_1_102' title='bbox 740 1622 991 1691; x_wconf 79' lang='lat' dir='ltr'><strong>experimentis.</strong></span> 
     </span>
    </p>
   </div>
   <div class='ocr_carea' id='block_1_5' title="bbox 52 1756 1149 2016">
    <p class='ocr_par' dir='ltr' id='par_1_7' title="bbox 52 1756 1149 2016">
     <span class='ocr_line' id='line_1_16' title="bbox 52 1756 1149 1818; baseline 0.004 -4"><span class='ocrx_word' id='word_1_103' title='bbox 52 1776 79 1815; x_wconf 75' lang='lat' dir='ltr'><strong>ro</strong></span> <span class='ocrx_word' id='word_1_104' title='bbox 187 1757 231 1816; x_wconf 80' lang='lat' dir='ltr'><strong>Ad</strong></span> <span class='ocrx_word' id='word_1_105' title='bbox 245 1759 363 1817; x_wconf 91' lang='lat' dir='ltr'><strong>renium</strong></span> <span class='ocrx_word' id='word_1_106' title='bbox 377 1765 526 1817; x_wconf 90' lang='lat' dir='ltr'><strong>tumorem</strong></span> <span class='ocrx_word' id='word_1_107' title='bbox 542 1764 593 1816; x_wconf 91' lang='lat' dir='ltr'><strong>aut</strong></span> <span class='ocrx_word' id='word_1_108' title='bbox 609 1756 868 1817; x_wconf 84' lang='lat' dir='ltr'><strong>exulcerationem.</strong></span> <span class='ocrx_word' id='word_1_109' title='bbox 896 1756 992 1817; x_wconf 89' lang='lat' dir='ltr'><strong>Etiam</strong></span> <span class='ocrx_word' id='word_1_110' title='bbox 1008 1761 1033 1818; x_wconf 94' lang='lat' dir='ltr'><strong>si</strong></span> <span class='ocrx_word' id='word_1_111' title='bbox 1048 1776 1112 1817; x_wconf 91' lang='lat' dir='ltr'><strong>san·</strong></span> <span class='ocrx_word' id='word_1_112' title='bbox 1134 1771 1149 1818; x_wconf 91' lang='lat'>1</span> 
     </span>
     <span class='ocr_line' id='line_1_17' title="bbox 94 1844 1113 1925; baseline 0.002 -20"><span class='ocrx_word' id='word_1_113' title='bbox 94 1846 304 1925; x_wconf 82' lang='lat' dir='ltr'><strong>guinulentam</strong></span> <span class='ocrx_word' id='word_1_114' title='bbox 332 1847 449 1905; x_wconf 87' lang='lat' dir='ltr'><strong>urinam</strong></span> <span class='ocrx_word' id='word_1_115' title='bbox 477 1846 544 1923; x_wconf 90' lang='lat' dir='ltr'><strong>quis</strong></span> <span class='ocrx_word' id='word_1_116' title='bbox 572 1846 672 1925; x_wconf 86' lang='lat' dir='ltr'><strong>faciat,</strong></span> <span class='ocrx_word' id='word_1_117' title='bbox 702 1844 760 1905; x_wconf 90' lang='lat' dir='ltr'><strong>hoc</strong></span> <span class='ocrx_word' id='word_1_118' title='bbox 787 1845 919 1906; x_wconf 89' lang='lat' dir='ltr'><strong>remedio</strong></span> <span class='ocrx_word' id='word_1_119' title='bbox 947 1846 1113 1907; x_wconf 87' lang='lat' dir='ltr'><strong>sanabitur:</strong></span> 
     </span>
     <span class='ocr_line' id='line_1_18' title="bbox 93 1932 1115 2016; baseline 0.001 -22"><span class='ocrx_word' id='word_1_120' title='bbox 93 1934 194 1995; x_wconf 87' lang='lat' dir='ltr'><strong>Rosae</strong></span> <span class='ocrx_word' id='word_1_121' title='bbox 218 1934 317 1993; x_wconf 87' lang='lat' dir='ltr'><strong>aridae</strong></span> <span class='ocrx_word' id='word_1_122' title='bbox 341 1932 489 2013; x_wconf 84' lang='lat' dir='ltr'><strong>fohorum,</strong></span> <span class='ocrx_word' id='word_1_123' title='bbox 512 1936 668 2012; x_wconf 89' lang='lat' dir='ltr'><strong>papaveris</strong></span> <span class='ocrx_word' id='word_1_124' title='bbox 688 1935 766 2011; x_wconf 85' lang='lat' dir='ltr'><strong>nigri</strong></span> <span class='ocrx_word' id='word_1_125' title='bbox 785 1935 915 2016; x_wconf 90' lang='lat' dir='ltr'><strong>seminis,</strong></span> <span class='ocrx_word' id='word_1_126' title='bbox 939 1933 1115 1996; x_wconf 87' lang='lat' dir='ltr'><strong>nucleorum</strong></span> 
     </span>
    </p>
   </div>
   <div class='ocr_carea' id='block_1_6' title="bbox 54 2022 1152 3254">
    <p class='ocr_par' dir='ltr' id='par_1_8' title="bbox 54 2022 1115 2278">
     <span class='ocr_line' id='line_1_19' title="bbox 93 2022 1115 2102; baseline 0.002 -19"><span class='ocrx_word' id='word_1_127' title='bbox 93 2026 256 2102; x_wconf 88' lang='lat' dir='ltr'><strong>pinearum</strong></span> <span class='ocrx_word' id='word_1_128' title='bbox 275 2024 356 2102; x_wconf 87' lang='lat' dir='ltr'><strong>paria</strong></span> <span class='ocrx_word' id='word_1_129' title='bbox 376 2022 507 2101; x_wconf 89' lang='lat' dir='ltr'><strong>pondera</strong></span> <span class='ocrx_word' id='word_1_130' title='bbox 526 2022 753 2083; x_wconf 88' lang='lat' dir='ltr'><strong>contunduntur</strong></span> <span class='ocrx_word' id='word_1_131' title='bbox 772 2040 908 2083; x_wconf 89' lang='lat' dir='ltr'><strong>seorsum</strong></span> <span class='ocrx_word' id='word_1_132' title='bbox 928 2030 958 2083; x_wconf 89' lang='lat' dir='ltr'><strong>et</strong></span> <span class='ocrx_word' id='word_1_133' title='bbox 976 2026 1007 2084; x_wconf 94' lang='lat' dir='ltr'><strong>in</strong></span> <span class='ocrx_word' id='word_1_134' title='bbox 1022 2042 1115 2085; x_wconf 92' lang='lat' dir='ltr'><strong>unum</strong></span> 
     </span>
     <span class='ocr_line' id='line_1_20' title="bbox 94 2110 1114 2193; baseline 0.003 -22"><span class='ocrx_word' id='word_1_135' title='bbox 94 2114 278 2191; x_wconf 82' lang='lat' dir='ltr'><strong>miscentur3</strong></span> <span class='ocrx_word' id='word_1_136' title='bbox 297 2110 366 2171; x_wconf 90' lang='lat' dir='ltr'><strong>inde</strong></span> <span class='ocrx_word' id='word_1_137' title='bbox 386 2110 474 2171; x_wconf 89' lang='lat' dir='ltr'><strong>datur</strong></span> <span class='ocrx_word' id='word_1_138' title='bbox 493 2120 636 2189; x_wconf 85' lang='lat' dir='ltr'><strong>quantum</strong></span> <span class='ocrx_word' id='word_1_139' title='bbox 656 2128 717 2172; x_wconf 83' lang='lat' dir='ltr'><strong>nux</strong></span> <span class='ocrx_word' id='word_1_140' title='bbox 736 2110 884 2190; x_wconf 80' lang='lat' dir='ltr'><strong>iuglandis</strong></span> <span class='ocrx_word' id='word_1_141' title='bbox 903 2130 938 2172; x_wconf 80' lang='lat' dir='ltr'><strong>er</strong></span> <span class='ocrx_word' id='word_1_142' title='bbox 955 2115 1036 2192; x_wconf 90' lang='lat' dir='ltr'><strong>passi</strong></span> <span class='ocrx_word' id='word_1_143' title='bbox 1050 2132 1114 2193; x_wconf 81' lang='lat' dir='ltr'><strong>cya-</strong></span> 
     </span>
     <span class='ocr_line' id='line_1_21' title="bbox 54 2199 737 2278; baseline 0.007 -24"><span class='ocrx_word' id='word_1_144' title='bbox 54 2216 80 2257; x_wconf 85' lang='lat'><strong>15</strong></span> <span class='ocrx_word' id='word_1_145' title='bbox 94 2200 159 2261; x_wconf 88' lang='lat' dir='ltr'><strong>this</strong></span> <span class='ocrx_word' id='word_1_146' title='bbox 183 2200 299 2261; x_wconf 91' lang='lat' dir='ltr'><strong>duobus</strong></span> <span class='ocrx_word' id='word_1_147' title='bbox 323 2208 353 2259; x_wconf 91' lang='lat' dir='ltr'><strong>et</strong></span> <span class='ocrx_word' id='word_1_148' title='bbox 375 2217 470 2278; x_wconf 85' lang='lat' dir='ltr'><strong>aquae</strong></span> <span class='ocrx_word' id='word_1_149' title='bbox 494 2199 607 2278; x_wconf 79' lang='lat' dir='ltr'><strong>cyathis</strong></span> <span class='ocrx_word' id='word_1_150' title='bbox 631 2199 737 2261; x_wconf 89' lang='lat' dir='ltr'><strong>trihus.</strong></span> 
     </span>
    </p>

    <p class='ocr_par' dir='ltr' id='par_1_9' title="bbox 95 2288 1151 2635">
     <span class='ocr_line' id='line_1_22' title="bbox 188 2288 1151 2368; baseline 0.001 -20"><span class='ocrx_word' id='word_1_151' title='bbox 188 2289 252 2348; x_wconf 76' lang='lat' dir='ltr'><strong>Alia</strong></span> <span class='ocrx_word' id='word_1_152' title='bbox 270 2288 306 2348; x_wconf 93' lang='lat' dir='ltr'><strong>ad</strong></span> <span class='ocrx_word' id='word_1_153' title='bbox 326 2289 444 2347; x_wconf 90' lang='lat' dir='ltr'><strong>renium</strong></span> <span class='ocrx_word' id='word_1_154' title='bbox 463 2288 595 2348; x_wconf 92' lang='lat' dir='ltr'><strong>dolorem</strong></span> <span class='ocrx_word' id='word_1_155' title='bbox 614 2290 705 2368; x_wconf 90' lang='lat' dir='ltr'><strong>potio,</strong></span> <span class='ocrx_word' id='word_1_156' title='bbox 725 2307 800 2367; x_wconf 89' lang='lat' dir='ltr'><strong>quae</strong></span> <span class='ocrx_word' id='word_1_157' title='bbox 820 2292 909 2349; x_wconf 91' lang='lat' dir='ltr'><strong>etiam</strong></span> <span class='ocrx_word' id='word_1_158' title='bbox 927 2292 1013 2367; x_wconf 85' lang='lat' dir='ltr'><strong>quasi</strong></span> <span class='ocrx_word' id='word_1_159' title='bbox 1030 2290 1115 2351; x_wconf 90' lang='lat' dir='ltr'><strong>hare·</strong></span> <span class='ocrx_word' id='word_1_160' title='bbox 1134 2301 1151 2349; x_wconf 79' lang='lat'><strong>2</strong></span> 
     </span>
     <span class='ocr_line' id='line_1_23' title="bbox 95 2376 1115 2456; baseline 0.002 -19"><span class='ocrx_word' id='word_1_161' title='bbox 95 2395 168 2437; x_wconf 91' lang='lat' dir='ltr'><strong>nam</strong></span> <span class='ocrx_word' id='word_1_162' title='bbox 191 2376 337 2437; x_wconf 89' lang='lat' dir='ltr'><strong>sablosam</strong></span> <span class='ocrx_word' id='word_1_163' title='bbox 361 2377 512 2437; x_wconf 90' lang='lat' dir='ltr'><strong>interdum</strong></span> <span class='ocrx_word' id='word_1_164' title='bbox 537 2376 676 2455; x_wconf 78' lang='lat' dir='ltr'><strong>detrahit,</strong></span> <span class='ocrx_word' id='word_1_165' title='bbox 700 2379 808 2454; x_wconf 90' lang='lat' dir='ltr'><strong>accipit</strong></span> <span class='ocrx_word' id='word_1_166' title='bbox 831 2376 919 2438; x_wconf 90' lang='lat' dir='ltr'><strong>haec:</strong></span> <span class='ocrx_word' id='word_1_167' title='bbox 941 2379 1008 2456; x_wconf 83' lang='lat' dir='ltr'><strong>Apii</strong></span> <span class='ocrx_word' id='word_1_168' title='bbox 1029 2382 1115 2439; x_wconf 90' lang='lat' dir='ltr'><strong>semi-</strong></span> 
     </span>
     <span class='ocr_line' id='line_1_24' title="bbox 95 2464 1117 2545; baseline 0.001 -20"><span class='ocrx_word' id='word_1_169' title='bbox 95 2468 154 2545; x_wconf 79' lang='lat' dir='ltr'><strong>nia,</strong></span> <span class='ocrx_word' id='word_1_170' title='bbox 179 2465 355 2545; x_wconf 83' lang='lat' dir='ltr'><strong>petrosilini,</strong></span> <span class='ocrx_word' id='word_1_171' title='bbox 378 2468 464 2545; x_wconf 89' lang='lat' dir='ltr'><strong>anisi,</strong></span> <span class='ocrx_word' id='word_1_172' title='bbox 488 2466 674 2543; x_wconf 83' lang='lat' dir='ltr'><strong>singulorum</strong></span> <span class='ocrx_word' id='word_1_173' title='bbox 694 2464 719 2524; x_wconf 78' lang='lat' dir='ltr'><strong>ll</strong></span> <span class='ocrx_word' id='word_1_174' title='bbox 739 2483 827 2524; x_wconf 90' lang='lat' dir='ltr'><strong>senos</strong></span> <span class='ocrx_word' id='word_1_175' title='bbox 846 2466 947 2542; x_wconf 92' lang='lat' dir='ltr'><strong>denos,</strong></span> <span class='ocrx_word' id='word_1_176' title='bbox 966 2466 1053 2526; x_wconf 90' lang='lat' dir='ltr'><strong>dauci</strong></span> <span class='ocrx_word' id='word_1_177' title='bbox 1072 2484 1117 2526; x_wconf 90' lang='lat' dir='ltr'><strong>se·</strong></span> 
     </span>
     <span class='ocr_line' id='line_1_25' title="bbox 95 2551 1117 2635; baseline 0 -21"><span class='ocrx_word' id='word_1_178' title='bbox 95 2556 188 2615; x_wconf 91' lang='lat' dir='ltr'><strong>minis</strong></span> <span class='ocrx_word' id='word_1_179' title='bbox 217 2552 329 2635; x_wconf 81' lang='lat' dir='ltr'><strong>llllll,</strong></span> <span class='ocrx_word' id='word_1_180' title='bbox 358 2554 480 2614; x_wconf 89' lang='lat' dir='ltr'><strong>schoeni</strong></span> <span class='ocrx_word' id='word_1_181' title='bbox 509 2553 647 2614; x_wconf 90' lang='lat' dir='ltr'><strong>denarios</strong></span> <span class='ocrx_word' id='word_1_182' title='bbox 671 2552 722 2631; x_wconf 92' lang='lat' dir='ltr'><strong>Vl,</strong></span> <span class='ocrx_word' id='word_1_183' title='bbox 750 2555 831 2612; x_wconf 89' lang='lat' dir='ltr'><strong>croci</strong></span> <span class='ocrx_word' id='word_1_184' title='bbox 855 2551 993 2633; x_wconf 73' lang='lat' dir='ltr'><strong>XXXII,</strong></span> <span class='ocrx_word' id='word_1_185' title='bbox 1021 2553 1117 2614; x_wconf 91' lang='lat' dir='ltr'><strong>mellis</strong></span> 
     </span>
    </p>

    <p class='ocr_par' dir='ltr' id='par_1_10' title="bbox 54 2640 1118 2810">
     <span class='ocr_line' id='line_1_26' title="bbox 54 2640 1118 2721; baseline 0.003 -22"><span class='ocrx_word' id='word_1_186' title='bbox 54 2650 244 2721; x_wconf 80' lang='lat' dir='ltr'><strong>acquantum</strong></span> <span class='ocrx_word' id='word_1_187' title='bbox 268 2645 340 2703; x_wconf 88' lang='lat' dir='ltr'><strong>satis</strong></span> <span class='ocrx_word' id='word_1_188' title='bbox 363 2642 520 2704; x_wconf 89' lang='lat' dir='ltr'><strong>videbitur.</strong></span> <span class='ocrx_word' id='word_1_189' title='bbox 557 2641 634 2701; x_wconf 91' lang='lat' dir='ltr'><strong>Hinc</strong></span> <span class='ocrx_word' id='word_1_190' title='bbox 659 2641 747 2701; x_wconf 91' lang='lat' dir='ltr'><strong>datur</strong></span> <span class='ocrx_word' id='word_1_191' title='bbox 770 2649 914 2719; x_wconf 85' lang='lat' dir='ltr'><strong>quantum</strong></span> <span class='ocrx_word' id='word_1_192' title='bbox 937 2640 1057 2719; x_wconf 90' lang='lat' dir='ltr'><strong>lupinus</strong></span> <span class='ocrx_word' id='word_1_193' title='bbox 1081 2661 1118 2702; x_wconf 83' lang='lat' dir='ltr'><strong>ex</strong></span> 
     </span>
     <span class='ocr_line' id='line_1_27' title="bbox 95 2728 846 2810; baseline -0.001 -19"><span class='ocrx_word' id='word_1_194' title='bbox 95 2731 194 2792; x_wconf 89' lang='lat' dir='ltr'><strong>mellis</strong></span> <span class='ocrx_word' id='word_1_195' title='bbox 218 2731 318 2810; x_wconf 77' lang='lat' dir='ltr'><strong>ligulis</strong></span> <span class='ocrx_word' id='word_1_196' title='bbox 342 2731 456 2791; x_wconf 90' lang='lat' dir='ltr'><strong>duabus</strong></span> <span class='ocrx_word' id='word_1_197' title='bbox 481 2739 511 2791; x_wconf 89' lang='lat' dir='ltr'><strong>et</strong></span> <span class='ocrx_word' id='word_1_198' title='bbox 534 2749 627 2809; x_wconf 89' lang='lat' dir='ltr'><strong>aquae</strong></span> <span class='ocrx_word' id='word_1_199' title='bbox 651 2729 765 2810; x_wconf 83' lang='lat' dir='ltr'><strong>cyathis</strong></span> <span class='ocrx_word' id='word_1_200' title='bbox 783 2728 846 2790; x_wconf 89' lang='lat' dir='ltr'><strong>llll.</strong></span> 
     </span>
    </p>

    <p class='ocr_par' dir='ltr' id='par_1_11' title="bbox 96 2817 1152 3077">
     <span class='ocr_line' id='line_1_28' title="bbox 188 2817 1152 2897; baseline -0.002 -18"><span class='ocrx_word' id='word_1_201' title='bbox 188 2821 232 2880; x_wconf 83' lang='lat' dir='ltr'><strong>Ad</strong></span> <span class='ocrx_word' id='word_1_202' title='bbox 260 2822 377 2881; x_wconf 89' lang='lat' dir='ltr'><strong>renium</strong></span> <span class='ocrx_word' id='word_1_203' title='bbox 405 2829 553 2880; x_wconf 91' lang='lat' dir='ltr'><strong>tumorem</strong></span> <span class='ocrx_word' id='word_1_204' title='bbox 582 2826 612 2879; x_wconf 93' lang='lat' dir='ltr'><strong>et</strong></span> <span class='ocrx_word' id='word_1_205' title='bbox 642 2818 774 2878; x_wconf 89' lang='lat' dir='ltr'><strong>dolorem</strong></span> <span class='ocrx_word' id='word_1_206' title='bbox 807 2817 973 2877; x_wconf 90' lang='lat' dir='ltr'><strong>remedium</strong></span> <span class='ocrx_word' id='word_1_207' title='bbox 1003 2817 1152 2897; x_wconf 59' lang='lat' dir='ltr'><strong>ailinane</strong></span> 
     </span>
     <span class='ocr_line' id='line_1_29' title="bbox 97 2906 1116 2988; baseline -0.002 -19"><span class='ocrx_word' id='word_1_208' title='bbox 97 2907 179 2988; x_wconf 87' lang='lat' dir='ltr'><strong>quod</strong></span> <span class='ocrx_word' id='word_1_209' title='bbox 203 2909 273 2969; x_wconf 86' lang='lat' dir='ltr'><strong>facit</strong></span> <span class='ocrx_word' id='word_1_210' title='bbox 296 2917 326 2968; x_wconf 92' lang='lat' dir='ltr'><strong>et</strong></span> <span class='ocrx_word' id='word_1_211' title='bbox 349 2908 384 2969; x_wconf 91' lang='lat' dir='ltr'><strong>ad</strong></span> <span class='ocrx_word' id='word_1_212' title='bbox 409 2910 550 2969; x_wconf 91' lang='lat' dir='ltr'><strong>iocineris</strong></span> <span class='ocrx_word' id='word_1_213' title='bbox 575 2916 605 2967; x_wconf 91' lang='lat' dir='ltr'><strong>et</strong></span> <span class='ocrx_word' id='word_1_214' title='bbox 629 2906 715 2967; x_wconf 90' lang='lat' dir='ltr'><strong>lienis</strong></span> <span class='ocrx_word' id='word_1_215' title='bbox 738 2914 887 2967; x_wconf 90' lang='lat' dir='ltr'><strong>tumorem</strong></span> <span class='ocrx_word' id='word_1_216' title='bbox 906 2916 936 2966; x_wconf 92' lang='lat' dir='ltr'><strong>et</strong></span> <span class='ocrx_word' id='word_1_217' title='bbox 955 2907 991 2966; x_wconf 91' lang='lat' dir='ltr'><strong>ad</strong></span> <span class='ocrx_word' id='word_1_218' title='bbox 1009 2907 1116 2985; x_wconf 82' lang='lat' dir='ltr'><strong>hydro-</strong></span> 
     </span>
     <span class='ocr_line' id='line_1_30' title="bbox 96 2995 1117 3077; baseline -0.001 -20"><span class='ocrx_word' id='word_1_219' title='bbox 96 3000 182 3077; x_wconf 94' lang='lat' dir='ltr'><strong>picos</strong></span> <span class='ocrx_word' id='word_1_220' title='bbox 206 3006 236 3057; x_wconf 92' lang='lat' dir='ltr'><strong>et</strong></span> <span class='ocrx_word' id='word_1_221' title='bbox 259 2997 295 3057; x_wconf 88' lang='lat' dir='ltr'><strong>ad</strong></span> <span class='ocrx_word' id='word_1_222' title='bbox 318 3015 380 3077; x_wconf 89' lang='lat' dir='ltr'><strong>eos,</strong></span> <span class='ocrx_word' id='word_1_223' title='bbox 404 3000 455 3075; x_wconf 93' lang='lat' dir='ltr'><strong>qui</strong></span> <span class='ocrx_word' id='word_1_224' title='bbox 479 2996 548 3057; x_wconf 91' lang='lat' dir='ltr'><strong>mali</strong></span> <span class='ocrx_word' id='word_1_225' title='bbox 571 2995 681 3056; x_wconf 89' lang='lat' dir='ltr'><strong>coloris</strong></span> <span class='ocrx_word' id='word_1_226' title='bbox 705 3005 829 3075; x_wconf 89' lang='lat' dir='ltr'><strong>propter</strong></span> <span class='ocrx_word' id='word_1_227' title='bbox 851 2995 924 3055; x_wconf 90' lang='lat' dir='ltr'><strong>haec</strong></span> <span class='ocrx_word' id='word_1_228' title='bbox 948 2998 1019 3055; x_wconf 86' lang='lat' dir='ltr'><strong>vitia</strong></span> <span class='ocrx_word' id='word_1_229' title='bbox 1038 3006 1117 3057; x_wconf 93' lang='lat' dir='ltr'><strong>sunt.</strong></span> 
     </span>
    </p>

    <p class='ocr_par' dir='ltr' id='par_1_12' title="bbox 55 3083 1117 3254">
     <span class='ocr_line' id='line_1_31' title="bbox 55 3083 1115 3165; baseline 0.003 -23"><span class='ocrx_word' id='word_1_230' title='bbox 55 3102 83 3143; x_wconf 77' lang='lat'><strong>25</strong></span> <span class='ocrx_word' id='word_1_231' title='bbox 98 3086 216 3164; x_wconf 79' lang='lat' dir='ltr'><strong>Accipit</strong></span> <span class='ocrx_word' id='word_1_232' title='bbox 243 3086 330 3146; x_wconf 91' lang='lat' dir='ltr'><strong>haec:</strong></span> <span class='ocrx_word' id='word_1_233' title='bbox 363 3084 451 3146; x_wconf 84' lang='lat' dir='ltr'><strong>Croci</strong></span> <span class='ocrx_word' id='word_1_234' title='bbox 480 3083 564 3165; x_wconf 77' lang='lat' dir='ltr'><strong>lix,</strong></span> <span class='ocrx_word' id='word_1_235' title='bbox 592 3085 678 3145; x_wconf 92' lang='lat' dir='ltr'><strong>nardi</strong></span> <span class='ocrx_word' id='word_1_236' title='bbox 706 3084 801 3145; x_wconf 90' lang='lat' dir='ltr'><strong>ludici</strong></span> <span class='ocrx_word' id='word_1_237' title='bbox 826 3084 907 3164; x_wconf 79' lang='lat' dir='ltr'><strong>llll,</strong></span> <span class='ocrx_word' id='word_1_238' title='bbox 936 3086 1012 3145; x_wconf 87' lang='lat' dir='ltr'><strong>costi</strong></span> <span class='ocrx_word' id='word_1_239' title='bbox 1036 3084 1115 3164; x_wconf 77' lang='lat' dir='ltr'><strong>illl,</strong></span> 
     </span>
     <span class='ocr_line' id='line_1_32' title="bbox 97 3172 1117 3254; baseline -0.004 -19"><span class='ocrx_word' id='word_1_240' title='bbox 97 3174 220 3236; x_wconf 89' lang='lat' dir='ltr'><strong>schoeni</strong></span> <span class='ocrx_word' id='word_1_241' title='bbox 241 3174 301 3253; x_wconf 78' lang='lat' dir='ltr'><strong>ill,</strong></span> <span class='ocrx_word' id='word_1_242' title='bbox 321 3176 450 3235; x_wconf 90' lang='lat' dir='ltr'><strong>cinnami</strong></span> <span class='ocrx_word' id='word_1_243' title='bbox 470 3173 531 3254; x_wconf 73' lang='lat' dir='ltr'><strong>xl,</strong></span> <span class='ocrx_word' id='word_1_244' title='bbox 550 3190 667 3253; x_wconf 78' lang='lat' dir='ltr'><strong>myrrae</strong></span> <span class='ocrx_word' id='word_1_245' title='bbox 686 3181 797 3234; x_wconf 89' lang='lat' dir='ltr'><strong>stactae</strong></span> <span class='ocrx_word' id='word_1_246' title='bbox 819 3172 881 3253; x_wconf 77' lang='lat' dir='ltr'><strong>iil,</strong></span> <span class='ocrx_word' id='word_1_247' title='bbox 900 3172 995 3233; x_wconf 91' lang='lat' dir='ltr'><strong>mellis</strong></span> <span class='ocrx_word' id='word_1_248' title='bbox 1012 3174 1117 3251; x_wconf 92' lang='lat' dir='ltr'><strong>optimi</strong></span> 
     </span>
    </p>
   </div>
   <div class='ocr_carea' id='block_1_7' title="bbox 100 3324 1121 3609">
    <p class='ocr_par' dir='ltr' id='par_1_13' title="bbox 100 3324 1121 3609">
     <span class='ocr_line' id='line_1_33' title="bbox 191 3324 1121 3393; baseline -0.002 -12"><span class='ocrx_word' id='word_1_249' title='bbox 191 3325 381 3382; x_wconf 81' lang='lat' dir='ltr'><strong>lralitndine.</strong></span> <span class='ocrx_word' id='word_1_250' title='bbox 424 3328 565 3382; x_wconf 85' lang='lat' dir='ltr'><strong>4hoeom.</strong></span> <span class='ocrx_word' id='word_1_251' title='bbox 608 3326 760 3381; x_wconf 75' lang='lat' dir='ltr'><strong>detlento.</strong></span> <span class='ocrx_word' id='word_1_252' title='bbox 796 3324 995 3379; x_wconf 81' lang='lat' dir='ltr'><strong>cereremissa.</strong></span> <span class='ocrx_word' id='word_1_253' title='bbox 1028 3330 1121 3393; x_wconf 78' lang='lat' dir='ltr'><strong>tpoet</strong></span> 
     </span>
     <span class='ocr_line' id='line_1_34' title="bbox 100 3394 1119 3468; baseline -0.005 -17"><span class='ocrx_word' id='word_1_254' title='bbox 100 3401 195 3468; x_wconf 84' lang='lat' dir='ltr'><strong>partas</strong></span> <span class='ocrx_word' id='word_1_255' title='bbox 213 3398 278 3453; x_wconf 83' lang='lat' dir='ltr'><strong>add.</strong></span> <span class='ocrx_word' id='word_1_256' title='bbox 294 3396 386 3452; x_wconf 84' lang='lat' dir='ltr'><strong>farina</strong></span> <span class='ocrx_word' id='word_1_257' title='bbox 400 3398 484 3452; x_wconf 83' lang='lat' dir='ltr'><strong>oanis.</strong></span> <span class='ocrx_word' id='word_1_258' title='bbox 542 3399 678 3465; x_wconf 89' lang='lat' dir='ltr'><strong>quantum</strong></span> <span class='ocrx_word' id='word_1_259' title='bbox 695 3400 727 3451; x_wconf 87' lang='lat' dir='ltr'><strong>ut</strong></span> <span class='ocrx_word' id='word_1_260' title='bbox 744 3395 864 3450; x_wconf 85' lang='lat' dir='ltr'><strong>mollior.</strong></span> <span class='ocrx_word' id='word_1_261' title='bbox 914 3402 948 3449; x_wconf 84' lang='lat'><strong>14</strong></span> <span class='ocrx_word' id='word_1_262' title='bbox 966 3394 1119 3466; x_wconf 83' lang='lat' dir='ltr'><strong>iuglandis]</strong></span> 
     </span>
     <span class='ocr_line' id='line_1_35' title="bbox 100 3464 1120 3551; baseline -0.003 -27"><span class='ocrx_word' id='word_1_263' title='bbox 100 3471 141 3525; x_wconf 80' lang='lat' dir='ltr'><strong>aie</strong></span> <span class='ocrx_word' id='word_1_264' title='bbox 155 3469 283 3525; x_wconf 71' lang='lat' dir='ltr'><strong>Scriboni.</strong></span> <span class='ocrx_word' id='word_1_265' title='bbox 297 3485 408 3551; x_wconf 66' lang='lat' dir='ltr'><strong>quoque.</strong></span> <span class='ocrx_word' id='word_1_266' title='bbox 447 3473 481 3522; x_wconf 88' lang='lat'><strong>18</strong></span> <span class='ocrx_word' id='word_1_267' title='bbox 496 3466 580 3540; x_wconf 87' lang='lat' dir='ltr'><strong>anisi]</strong></span> <span class='ocrx_word' id='word_1_268' title='bbox 595 3468 678 3523; x_wconf 76' lang='lat' dir='ltr'><strong>nansi.</strong></span> <span class='ocrx_word' id='word_1_269' title='bbox 713 3473 744 3521; x_wconf 81' lang='lat'><strong>19</strong></span> <span class='ocrx_word' id='word_1_270' title='bbox 760 3464 861 3521; x_wconf 87' lang='lat' dir='ltr'><strong>scoeni.</strong></span> <span class='ocrx_word' id='word_1_271' title='bbox 898 3471 932 3520; x_wconf 82' lang='lat'><strong>21</strong></span> <span class='ocrx_word' id='word_1_272' title='bbox 947 3466 1054 3520; x_wconf 87' lang='lat' dir='ltr'><strong>duabus</strong></span> <span class='ocrx_word' id='word_1_273' title='bbox 1069 3482 1120 3521; x_wconf 77' lang='lat' dir='ltr'><strong>orn.</strong></span> 
     </span>
     <span class='ocr_line' id='line_1_36' title="bbox 102 3535 1120 3609; baseline -0.004 -14"><span class='ocrx_word' id='word_1_274' title='bbox 102 3546 136 3595; x_wconf 78' lang='lat'><strong>23</strong></span> <span class='ocrx_word' id='word_1_275' title='bbox 156 3540 194 3595; x_wconf 85' lang='lat' dir='ltr'><strong>ad</strong></span> <span class='ocrx_word' id='word_1_276' title='bbox 213 3547 277 3597; x_wconf 81' lang='lat' dir='ltr'><strong>onte</strong></span> <span class='ocrx_word' id='word_1_277' title='bbox 294 3539 426 3595; x_wconf 83' lang='lat' dir='ltr'><strong>rooineris</strong></span> <span class='ocrx_word' id='word_1_278' title='bbox 444 3556 495 3595; x_wconf 81' lang='lat' dir='ltr'><strong>oro.</strong></span> <span class='ocrx_word' id='word_1_279' title='bbox 563 3540 721 3609; x_wconf 81' lang='lat' dir='ltr'><strong>ydropicus.</strong></span> <span class='ocrx_word' id='word_1_280' title='bbox 790 3542 825 3592; x_wconf 79' lang='lat'><strong>26</strong></span> <span class='ocrx_word' id='word_1_281' title='bbox 844 3536 946 3592; x_wconf 84' lang='lat' dir='ltr'><strong>scoeni.</strong></span> <span class='ocrx_word' id='word_1_282' title='bbox 1009 3535 1120 3593; x_wconf 83' lang='lat' dir='ltr'><strong>mirrea.</strong></span> 
     </span>
    </p>
   </div>
   <div class='ocr_carea' id='block_1_8' title="bbox 0 0 1319 4017">
    <p class='ocr_par' dir='ltr' id='par_1_14' title="bbox 0 0 1319 4017">
     <span class='ocr_line' id='line_1_37' title="bbox 0 0 1319 4017; baseline 0 0"><span class='ocrx_word' id='word_1_283' title='bbox 0 0 1319 4017; x_wconf 95' lang='lat' dir='ltr'><strong> </strong></span> 
     </span>
    </p>
   </div>
  </div>
 </body>
</html>
