2609 4017
473 206 520 270 ,-
567 169 630 237 257
677 206 722 216 -

89 342 230 395 conteres
254 342 284 395 et
307 330 447 394 miscebis
472 341 502 394 et
524 336 556 394 in
578 332 695 395 balineo
719 332 813 394 calido
835 332 993 394 bibendam
1011 336 1106 414 potio·

87 441 159 483 nem
183 422 277 504 dabis,
301 424 409 484 mirum
434 430 486 483 est.

179 510 225 572 Ad
247 514 350 573 urinae
369 511 573 573 difficultatem
592 518 623 572 et
641 510 788 573 calculum
807 511 913 572 lotium
932 529 1106 594 caprunum,
1125 522 1161 572 aa

86 600 141 662 sed
166 608 341 663 montanum
369 600 503 679 tepidum
530 602 628 680 potari
651 608 770 680 oportet
792 600 923 661 admixto
946 602 1014 661 vino
1038 619 1107 662 cum

60 708 166 769 taqua
186 688 226 751 ob
245 689 410 770 fastidium3
428 692 579 769 cyminum
598 706 718 768 quoque
733 688 915 771 Africanum,
933 689 1013 769 quod
1028 708 1107 752 sum·

85 781 192 839 mitate
216 781 308 839 trium
332 778 492 859 digitorum
515 779 649 857 potueris
673 777 834 857 prendere,
862 796 899 839 ex
921 780 991 839 rino
1014 781 1106 840 mixto

86 867 220 929 calidum
243 867 371 929 bibatur.

180 956 225 1017 td
245 959 348 1017 urinae
367 955 571 1017 difficultatem
590 957 705 1016 urticae
725 962 868 1034 quantum
882 954 998 1017 duabus
1014 959 1106 1017 mani·
1124 966 1159 1016 aa

85 1045 146 1107 bus
165 1044 305 1126 amplecti
323 1052 376 1124 pot
363 1048 458 1107 tueris
477 1044 651 1106 fasciculum
671 1062 740 1105 cum
754 1045 815 1104 vini
829 1046 935 1123 congio
949 1045 1106 1108 decoctum

44 1154 72 1192 ιο
87 1134 124 1195 ad
157 1135 233 1195 duos
261 1136 405 1195 sextarios
433 1134 551 1213 rediges
579 1141 609 1194 et
632 1151 719 1194 mane
742 1132 904 1194 bibendum
928 1135 1028 1195 ieiuno
1051 1153 1106 1215 per

84 1224 223 1285 triduum
246 1222 337 1285 dabis.

178 1312 294 1373 Herbae
313 1312 500 1373 Mercurialis
519 1330 556 1371 ex
570 1329 645 1391 aqua
660 1311 823 1372 decoctae
814 1329 863 1372 rus
877 1283 992 1374 adiecta
1005 1331 1105 1417 myrra
1125 1323 1161 1373 24

86 1404 159 1463 trita
183 1403 314 1462 vessicae
337 1400 566 1480 lumborumque
586 1399 738 1461 doloribus
757 1400 905 1482 subvenit,
924 1403 951 1461 si
969 1421 985 1462 o
1004 1404 1104 1463 ieiuno

87 1498 211 1569 potetur
235 1490 365 1551 adsidue.

46 1597 73 1637 15
179 1579 224 1638 Ad
247 1578 406 1659 dysuriam,
429 1578 459 1639 id
484 1587 530 1639 est
548 1580 651 1639 urinae
670 1578 886 1659 difficultatem,
909 1585 940 1639 et
958 1513 1104 1640 calculum
1123 1590 1158 1640 25

88 1668 213 1729 echinos
232 1675 296 1728 tere
315 1687 384 1729 oum
403 1666 513 1728 aculeis
533 1668 595 1728 suis
615 1676 645 1727 et
665 1684 701 1727 ex
722 1665 817 1727 mulsa
836 1684 912 1746 aqua
931 1667 1105 1747 frequenter

88 1759 231 1838 accipit03
259 1756 296 1817 ad
324 1756 470 1818 calculum
499 1764 598 1818 autem
623 1754 693 1816 rubi
715 1754 831 1816 radices
854 1756 919 1815 sino
943 1756 1023 1816 ferro
1047 1757 1105 1817 col·

87 1847 164 1925 liges
197 1846 332 1925 lotosque
365 1845 523 1925 diligenter
554 1847 586 1904 in
614 1844 671 1905 olla
698 1862 773 1904 nova
801 1862 911 1923 coques
939 1852 970 1906 et
997 1863 1033 1905 er
1061 1864 1106 1929 eo,

88 1934 171 2016 quod
194 1934 355 2017 decoxerit,
379 1953 448 1996 cum
471 1936 548 2014 vino,
572 1936 598 1994 si
620 1951 681 1994 non
700 1932 890 2013 febricitabit,
914 1951 950 1994 ex
971 1952 1056 2015 aqua,
1080 1937 1105 1996 si

46 2042 73 2081 ao
87 2023 367 2105 incommodabitur,
391 2022 553 2084 bibendum
577 2021 670 2083 dabis,

180 2112 286 2175 Cancri
306 2073 414 2173 teslam
433 2111 591 2191 diligenter
608 2119 690 2172 teres
708 2119 739 2172 et
757 2113 824 2172 vino
844 2111 982 2173 subdulci
999 2115 1103 2174 misce·
1122 2124 1157 2174 26

85 2202 135 2263 bis
165 2209 195 2262 et
223 2202 347 2263 colatam
375 2203 527 2281 potionem
554 2198 638 2261 dabis
666 2199 825 2261 bibendam
854 2204 894 2284 ei,
922 2203 975 2307 qui
998 2202 1103 2263 calculi

86 2280 224 2352 molestia
248 2290 401 2351 laborabit.
442 2288 559 2351 Herbae
582 2288 804 2350 mileloliae-
825 2289 852 2350 ll
875 2250 906 2350 eb
928 2292 1002 2372 ciue,
1028 2310 1103 2371 quae
1123 2304 1156 2355 2⁷

85 2379 183 2441 herba
211 2398 295 2441 sacra
317 2380 390 2441 dicit
377 2386 441 2461 tur,
470 2378 645 2439 tantundem
668 2386 748 2439 teres
771 2388 801 2439 et
825 2396 937 2458 coques
965 2398 1002 2439 ex
1028 2399 1104 2459 aqua

44 2487 70 2527 25
87 2478 120 2529 et
153 2487 190 2529 ex
223 2468 308 2529 mede
341 2476 430 2547 atque
461 2470 502 2529 ita
534 2466 693 2528 bibendam
725 2465 809 2526 dabis
842 2469 946 2528 urinae
979 2468 1103 2529 difficul-

86 2566 151 2619 tate
175 2566 205 2618 et
227 2556 341 2619 calculo
363 2557 518 2619 laboranti.
556 2556 658 2616 Mense
676 2554 836 2615 Novembri
859 2563 927 2616 ante
946 2553 1017 2616 Idus
1040 2575 1103 2617 eas·
1121 2569 1156 2620 28

87 2647 158 2707 dem
185 2664 287 2707 semen
315 2647 423 2707 fraxini
450 2645 572 2725 colliges
606 2651 635 2704 et
664 2646 696 2703 in
724 2643 824 2722 tepido
852 2643 940 2704 furno
969 2644 1104 2726 siccabis,

87 2736 137 2796 die
165 2744 285 2814 postera
313 2737 457 2796 siccatum
485 2734 592 2795 tundes
623 2741 653 2794 et
683 2731 829 2793 cribrabis
860 2739 890 2792 et
917 2750 1045 2811 repones
1073 2741 1103 2795 et

87 2843 126 2885 ex
153 2842 187 2885 eo
212 2824 296 2885 dabis
319 2823 466 2885 calculoso
491 2823 526 2883 ad
551 2824 628 2884 diem
652 2839 721 2883 oum
740 2823 808 2881 rino
826 2829 927 2883 vetere
945 2821 1104 2884 bibendam

45 2932 72 2971 so
88 2913 211 2992 ligulam
234 2931 332 2974 unam.

177 3001 222 3062 Ad
243 3004 361 3062 renium
380 3000 513 3061 dolorem
532 3000 696 3061 remedium
716 3002 772 3061 sic:
795 2999 862 3081 tpti
881 3003 1004 3062 seminis
1024 3034 1063 3045 -
1080 3000 1102 3084 l,
1121 3015 1156 3063 29

87 3090 212 3152 feniculi
239 3092 361 3151 seminis
393 3124 433 3137 ·-
455 3088 481 3171 l,
508 3091 621 3167 piperis
649 3091 840 3151 semunciam.
881 3089 925 3149 Er
952 3090 999 3151 his
1026 3090 1103 3151 bene

88 3183 194 3241 tritum
217 3186 248 3241 et
276 3179 439 3241 cribratum
462 3178 616 3257 pulverem
639 3178 730 3239 iacies
758 3188 789 3239 et
810 3178 935 3239 habebis
959 3187 1102 3258 paratum,

88 3278 131 3349 ut,
155 3287 224 3331 oum
247 3287 322 3348 opus
346 3269 446 3350 luerit,
469 3266 602 3327 cocleare
625 3266 746 3346 plenum
764 3270 796 3328 in
815 3267 909 3329 calida
927 3285 1003 3346 aqua
1021 3266 1103 3327 bibat

46 3375 73 3416 ss
88 3360 217 3441 ieiunus,
241 3360 293 3438 qui
317 3357 418 3419 dolore
441 3358 559 3418 renium
583 3355 738 3417 laborabit.

178 3554 213 3604 29
230 3547 392 3603 bibendum.
465 3551 499 3601 30
517 3524 614 3617 unam]
634 3547 684 3602 est.

142 3649 304 3699 Marcomons,
318 3656 357 3687 no.
372 3647 528 3687 Hennnnrom
