2609 4017
578 163 817 228 ω160-

191 330 365 407 priusquam
384 327 546 387 dormitum
565 334 621 405 eat,
639 328 780 386 tussienti
797 327 854 386 tria
868 327 1013 404 catapotia
1028 325 1215 406 devoranda,

192 417 223 477 id
247 422 293 477 est
313 415 569 496 transgluttienda‚
593 415 671 494 dato,
695 433 785 493 super
805 433 879 494 quae
898 421 961 474 tres
980 432 1073 493 aquae
1093 413 1214 474 calidae

193 505 315 585 cyathos
338 504 483 584 potandos
506 503 628 584 adicit03
654 504 712 564 hoc
739 502 871 564 remedio
895 512 1042 564 nocturna
1064 505 1146 563 tussi
1169 502 1214 563 la·

139 608 173 658 33
194 595 347 655 borantem
366 596 426 654 cito
440 591 589 653 liberabis.
615 591 780 652 Ventriculi
794 591 948 671 gallinacei
961 591 1214 667 membranulam,

193 702 250 762 qua
279 682 383 743 sordes
412 681 571 761 aqualiculi
598 683 802 761 continentur,
830 681 990 741 arefactam
1017 682 1106 740 terito
1142 679 1240 740 dili-s

192 780 297 850 genter
320 778 351 830 et
374 789 442 831 cum
465 772 533 830 vino
555 771 642 848 potui
668 769 750 850 dato,
777 769 908 830 umidam
936 777 1049 830 tussam
1078 769 1211 829 sedabis.

138 878 173 926 29
281 859 407 921 Tussem
435 860 569 938 quamvis
596 877 716 938 gravem
743 860 890 919 maiorum
916 867 989 919 natu
1016 859 1094 919 intra
1118 860 1211 936 quin-

194 966 251 1028 que
276 949 348 1028 dies,
370 947 562 1027 parvulorum
586 949 674 1008 etiam
698 949 777 1007 intra
799 947 932 1008 triduum
954 953 1047 1028 sanat,
1070 949 1124 1026 qui
1148 946 1210 1006 sul·

193 1039 277 1116 puris
300 1039 378 1117 triti,
404 1044 548 1116 quantum
574 1036 673 1096 tribus
701 1036 801 1115 digitis
824 1053 931 1114 capere
953 1042 1067 1115 potest,
1093 1037 1126 1095 in
1151 1053 1209 1095 oro

193 1128 354 1187 semicocto
373 1125 478 1186 scibili
496 1143 550 1205 per
568 1124 703 1185 triduum
720 1126 821 1185 ieiuno
841 1133 893 1184 aut
913 1142 967 1202 per
988 1126 1120 1202 quinque
1141 1124 1209 1184 dies
1225 1141 1248 1180 to

139 1231 175 1280 3ο
194 1215 318 1276 dederit.
353 1213 529 1294 Hyoscyami
548 1247 589 1257 -
605 1213 626 1293 l,
645 1212 777 1292 sulpuris
796 1215 988 1294 semunciam,
1011 1212 1087 1273 tellis
1105 1220 1209 1272 terrae

196 1336 233 1347 -
251 1301 273 1383 l,
291 1305 404 1382 piperis
426 1303 502 1384 -1,
526 1305 680 1381 gentianae
699 1334 743 1346 -
757 1303 779 1383 l,
802 1304 864 1380 opii
883 1293 922 1388 2·
938 1301 959 1381 l,
977 1301 1111 1388 marrubi
1128 1333 1168 1344 -
1186 1301 1208 1382 1,

192 1390 289 1452 mellis
313 1391 481 1470 despumati
503 1399 646 1471 quantum
671 1391 800 1452 sufficiat
823 1409 913 1469 supra
935 1391 1023 1451 dictis
1047 1388 1209 1469 speciebus

192 1483 271 1543 tritis
299 1480 498 1560 cribratisque
527 1481 667 1541 miscebis
696 1498 729 1540 ac
756 1479 861 1541 leviter
891 1479 1054 1560 decoques3
1082 1479 1153 1539 inde
1181 1481 1210 1538 si

193 1573 260 1650 quis
288 1573 364 1630 tussi
392 1573 521 1648 graviter
549 1567 782 1649 conflictabitur,
813 1567 964 1648 pastillum
992 1568 1028 1628 ad
1059 1569 1247 1646 magnitu-15

193 1659 293 1719 dinem
311 1659 395 1719 fabae
413 1661 532 1719 ieiunus
550 1675 637 1718 mane
655 1657 773 1718 hauriat
795 1666 826 1718 et
848 1659 879 1716 in
897 1663 1015 1716 noctem
1036 1674 1104 1716 cum
1123 1655 1209 1716 calda

193 1766 270 1827 aqua
296 1747 386 1807 alium
413 1745 564 1825 pastillum
593 1745 687 1826 bibat;
717 1745 828 1806 bonum
853 1744 937 1805 valde
960 1752 991 1805 et
1014 1744 1088 1805 utile
1110 1762 1208 1805 reme·

192 1836 274 1896 dium
298 1837 477 1913 experietur.

139 1936 173 1986 31
282 1923 388 1983 Scillae
412 1923 536 1987 bulbum
559 1941 653 1983 unum
676 1929 835 2002 purgatum
859 1920 957 1982 tribus
980 1921 1150 1982 fervoribus
1176 1923 1208 1980 in

192 2028 268 2089 aqua
292 2011 441 2090 decoquas
470 2019 500 2072 et
527 2030 562 2071 ex
591 2029 626 2071 eo
655 2011 734 2089 quod
762 2012 853 2071 luerit
876 2011 1072 2070 tenerrimum
1096 2028 1208 2089 sumes,
1222 2027 1243 2066 eo

193 2099 293 2159 idest
317 2132 356 2142 —
385 2098 452 2182 llll,
480 2101 601 2179 panacis
628 2108 659 2160 ct
686 2101 740 2161 iris
765 2099 898 2178 illyricae
927 2096 1008 2176 drag.
1036 2107 1206 2178 quaternas,

192 2190 369 2248 ammoniaci
389 2221 426 2232 —
443 2189 479 2249 ll.
511 2187 591 2250 llaec
614 2191 712 2248 omnia
731 2188 889 2266 diligenter
908 2195 997 2269 teres,
1021 2187 1073 2247 sed
1093 2187 1205 2248 scillam

193 2294 329 2336 seorsum
353 2277 538 2358 confricabis,
558 2285 621 2338 tum
640 2279 737 2339 omnia
758 2276 922 2338 confundes
941 2285 972 2336 et
985 2275 1082 2336 mellis
1101 2277 1206 2354 optimi

193 2365 360 2443 despumati
383 2365 419 2425 ad
442 2365 639 2444 colligendum
663 2368 811 2427 inunum
835 2365 1017 2426 medicamen
1042 2364 1122 2443 quod
1146 2365 1205 2426 sul-

192 2454 273 2514 ficiat
296 2455 396 2514 mittes
419 2465 506 2534 atque
530 2455 599 2514 inde
622 2453 769 2514 laboranti
791 2472 845 2533 per
868 2453 1001 2514 cocleare
1024 2453 1071 2513 bis
1090 2453 1138 2513 vel
1157 2461 1203 2514 ter
1215 2468 1238 2508 aa

193 2541 298 2603 diebus
322 2543 447 2621 singulis
469 2543 566 2621 dabis3
589 2546 668 2603 intra
691 2543 755 2603 dies
779 2551 894 2621 septem
913 2545 1005 2602 etiam
1030 2545 1206 2620 sangninem

193 2639 382 2692 excreantem
405 2639 435 2692 et
458 2640 590 2692 vetustae
608 2633 701 2692 tussis
725 2631 859 2691 molestia
882 2631 1035 2710 liberabis,
1059 2631 1132 2690 dum
1157 2638 1208 2691 aut

192 2721 333 2780 deorsum
356 2727 502 2798 purgatur
524 2728 576 2780 aut
598 2738 652 2798 per
675 2722 818 2780 vomitum
846 2721 970 2799 pituitae
993 2721 1122 2779 interius
1146 2719 1206 2780 col-

139 2820 174 2868 32
193 2807 286 2868 lectae
313 2826 400 2868 umor
428 2808 598 2868 effunditur.
639 2806 721 2868 Folia
743 2807 829 2888 ulmi,
853 2825 928 2887 quae
951 2810 1098 2869 orientem
1123 2825 1205 2886 spec·

192 2903 265 2973 tant,
288 2913 356 2956 cum
379 2897 492 2974 piperis
514 2899 614 2975 granis
637 2897 770 2977 totidem,
793 2896 845 2956 sed
863 2898 970 2976 impari
988 2913 1115 2957 numero
1135 2897 1240 2957 uiuo

193 2991 223 3042 et
242 3001 310 3043 oum
329 2983 458 3044 Falerno
473 2986 540 3045 vino
559 3004 575 3045 a
593 2987 694 3045 ieiuno
714 2993 829 3065 sumpta
845 2987 931 3045 etiam
946 2984 1124 3064 purulentas
1145 2992 1206 3046 tus·

138 3086 173 3135 33
193 3090 241 3132 ses
256 3079 394 3151 potenter
408 3072 574 3134 emendant.
605 3073 680 3134 Salis
699 3081 841 3153 quantum
859 3075 938 3134 intra
959 3072 1086 3152 palmam
1101 3081 1206 3134 tenere

192 3168 291 3241 potest
310 3162 362 3240 qui
379 3164 487 3222 tussiet
505 3163 535 3221 in
554 3164 714 3241 potionem·
725 3179 862 3222 cervesae
882 3171 933 3223 aut
947 3165 1044 3223 curmi
1059 3163 1160 3223 mittat
1178 3169 1208 3222 et

192 3250 320 3311 calidum
340 3248 428 3331 bibat,
447 3268 516 3311 cum
535 3251 697 3312 dormitum
715 3249 803 3331 vadit,
821 3269 918 3330 neque
933 3260 1036 3330 postea
1055 3251 1206 3331 loquatur,

202 3496 205 3500 .
262 3456 439 3510 tliberauis.
500 3463 532 3510 1‘1
552 3456 636 3527 aqua]
658 3473 749 3524 quam.
808 3463 842 3512 27
861 3457 1004 3511 liberauis.
1059 3463 1094 3511 33
1117 3457 1207 3512 cerui·

192 3541 240 3579 sae
260 3525 419 3580 donamus.
487 3531 522 3579 34
540 3526 678 3595 loquetur.
