2609 4017
496 152 734 227 ..295-

93 325 193 378 aceto
221 323 252 376 et
277 316 364 377 melle
388 316 455 377 data
479 315 523 376 vel
545 314 678 394 puleium
702 313 839 375 similiter
861 322 964 392 potum
988 315 1035 376 vel
1060 314 1122 376 sili·

95 423 185 485 quae
200 404 336 484 Syriacae
356 403 424 465 lolia
443 404 489 465 vel
507 406 586 464 roris
604 405 713 464 marini
730 421 806 483 aqua
824 403 948 464 decocta
961 402 1008 464 vel
1021 412 1120 484 petro·

97 494 232 554 silinum
258 512 295 553 ex
322 495 391 553 vino
419 494 524 553 tritum
551 492 652 553 datum
681 492 727 552 vel
755 492 870 570 origani
899 491 1014 552 decocti
1043 510 1121 571 aqua

95 582 152 643 vel
181 599 305 643 anesum
332 583 448 662 tritum,
480 588 623 660 quantum
653 580 752 641 tribus
776 580 884 659 digitis
916 581 1120 659 conprehendi

63 676 220 750 apotest3
247 669 370 748 prodest
397 672 485 730 etiam
513 670 626 729 nitrum
653 686 723 729 cum
745 670 812 728 rino
836 676 888 729 aut
910 676 993 730 aceto
1018 669 1119 730 datum

100 792 146 802 -
174 755 253 819 tollit
280 760 359 820 enim
386 760 523 837 protinus
551 756 732 817 inflationem
756 763 787 816 ct
810 756 942 818 dolorem
964 760 1120 819 intestino·

97 866 176 908 rum
201 879 238 889 —
265 844 311 906 vel
338 845 414 907 lauri
442 845 510 906 folia
537 848 608 906 trita
636 844 681 904 vel
710 844 844 905 eiusdem
871 843 960 906 bacae
989 854 1041 907 aut
1062 846 1118 908 ilos
1206 897 1210 903 .

98 954 141 995 ex
167 938 235 995 vino
258 941 347 1013 potus
370 942 422 995 aut
444 935 564 1013 panacis
587 933 671 993 radix
695 951 730 993 ex
753 934 822 993 rino
844 940 926 1015 pota3
954 934 1006 995 sed
1030 952 1119 1014 pana·

100 1042 156 1084 ces
182 1042 242 1083 non
265 1022 361 1083 solum
383 1024 595 1083 intestinorum
618 1020 746 1101 dolores,
769 1038 873 1081 verum
891 1023 981 1082 etiam
999 1022 1119 1085 cholera

51 1129 83 1169 ιο
100 1119 200 1173 sanat.
237 1110 363 1171 Prodest
385 1129 421 1171 ex
445 1113 513 1170 vino
537 1109 582 1169 vel
605 1117 689 1170 aceto
712 1109 840 1170 ferventi
862 1111 922 1187 apii
944 1128 1047 1171 semen
1066 1114 1119 1172 tri·

99 1209 172 1260 tum
195 1200 296 1260 datum
314 1200 415 1259 ieiuno
435 1197 481 1260 vel
499 1207 596 1259 terrae
615 1198 685 1258 mali
703 1196 729 1258 x
747 1195 760 1255 l
779 1200 869 1258 tritus
886 1205 977 1277 potus
995 1217 1030 1259 ex
1050 1201 1119 1260 rino

99 1296 208 1348 vetere
236 1285 282 1347 vel
308 1287 414 1366 hysopi
442 1294 493 1348 aut
518 1288 632 1365 origani
654 1284 786 1363 virgulae
810 1288 942 1366 quinque
965 1306 1034 1348 cum
1057 1290 1119 1349 vini

100 1376 227 1436 hemina
249 1375 424 1435 fervefactae
449 1383 479 1435 et
501 1377 600 1436 ieiuno
623 1376 710 1453 potui
732 1373 825 1435 datae.

196 1462 381 1543 Fomentum,
404 1463 484 1542 quod
505 1462 628 1543 prodest
645 1464 857 1523 intestinorum
875 1463 1037 1544 doloribus,
1061 1466 1118 1526 sio:
1138 1474 1173 1523 lo

56 1569 86 1609 1⁵
102 1552 233 1613 Acetum
259 1561 310 1612 aut
337 1569 455 1632 aquam,
483 1554 515 1612 in
542 1570 600 1630 quia
628 1558 697 1611 ruta
723 1552 841 1611 incocta
863 1551 967 1631 luerit,
995 1551 1118 1612 calidam

102 1642 206 1701 ventri
232 1647 262 1699 et
289 1637 429 1700 umbilico
461 1641 600 1719 inpones3
633 1638 756 1699 discutit
788 1640 867 1698 enim
900 1639 1057 1699 confestim
1089 1648 1120 1700 et

102 1728 191 1789 sedat
214 1727 341 1790 dolores,
1048 1732 1051 1737 ’

197 1815 322 1877 Carmen
348 1815 385 1875 ad
413 1832 500 1875 rosus
528 1817 590 1875 sive
617 1813 773 1874 hominum
797 1815 859 1874 sive
883 1815 1052 1876 animalium
1075 1816 1118 1877 di·
1139 1827 1173 1877 16

103 1922 261 1965 versorum
280 1906 332 1964 sic.
360 1902 490 1964 Palmam
508 1910 588 1964 tuam
607 1920 701 1981 pones
720 1909 823 1963 contra
842 1901 969 1963 dolentis
983 1911 1119 1965 ventrem

58 2006 89 2047 eo
103 2001 137 2053 et
159 1992 233 2053 haee
257 2000 303 2054 ter
326 1994 428 2052 novies
458 1992 553 2053 dices:
586 1990 707 2069 Stolpus
734 2009 751 2051 a
779 1989 860 2051 caelo
888 1992 1010 2074 cecidit,
1036 1992 1119 2053 bunc

103 2080 245 2141 morbum
276 2087 411 2159 pastores
439 2082 630 2159 invenerunt,
664 2080 728 2140 sine
761 2078 898 2140 manibus
926 2081 1118 2162 collegerunt,

103 2172 171 2230 sine
194 2170 257 2247 igni
280 2176 433 2249 coxerunt,
456 2170 520 2228 sine
544 2167 684 2228 dentibus
707 2168 909 2229 comederunt.

195 2256 239 2316 dd
261 2255 424 2318 lumbricos
448 2255 611 2335 egerendos
634 2254 702 2317 lelle
726 2258 847 2336 caprino
866 2256 1060 2319 madefactam
1078 2257 1117 2319 la·
1138 2268 1172 2318 11

103 2364 175 2406 nam
198 2343 338 2405 umbilico
362 2344 490 2425 adpone3
517 2344 597 2405 idem
619 2343 691 2404 facit
713 2351 744 2403 et
766 2343 805 2404 iel
828 2346 979 2406 taurinum
1002 2348 1046 2407 sic
1069 2346 1117 2406 ad·

61 2449 89 2490 aa
104 2435 237 2512 positum
260 2451 377 2493 necnon
400 2432 549 2493 brassicae
573 2449 676 2492 semen
699 2433 802 2492 tritum
827 2450 863 2492 ex
885 2433 954 2492 vino
977 2431 1117 2513 velaque

103 2525 146 2582 ita
175 2519 324 2599 oportebit
347 2520 463 2599 adponi.
503 2520 548 2580 Ad
570 2517 733 2580 lumbricos
757 2526 787 2579 et
810 2521 905 2579 tineas
924 2518 1058 2581 coliculis
1081 2539 1118 2581 ex
1137 2531 1171 2580 18

104 2629 183 2689 aqua
210 2611 303 2669 coetis
330 2610 485 2687 origanum
511 2602 689 2669 admiscebis
716 2625 751 2667 ac
778 2608 878 2667 ieiuno
910 2606 1055 2669 bibendos
1086 2610 1118 2669 in

104 2699 154 2759 die
177 2705 240 2758 tres
263 2696 384 2776 cyathos
408 2696 500 2758 dabis,

195 2786 239 2846 dd
267 2786 379 2846 ventris
406 2803 494 2846 rosus
521 2783 687 2845 remedium
715 2785 772 2844 sic:
807 2782 923 2862 Piperis
951 2782 1011 2844 albi
1032 2815 1077 2827 -
1094 2783 1117 2864 l,
1138 2796 1171 2845 19

63 2890 90 2930 ao
105 2874 217 2954 cymini
240 2876 349 2935 saccati
372 2904 414 2916 -
433 2872 459 2954 1,
482 2880 566 2934 rutae
590 2872 659 2933 lolia
682 2871 786 2932 viridia
812 2904 849 2915 —
870 2870 892 2954 l,
914 2873 987 2933 nitri
1010 2865 1050 2959 β
1069 2872 1118 2955 ΠΙ,

106 2960 225 3023 euforbi
252 2962 465 3041 permodicum.
507 2960 586 3021 llaec
615 2962 714 3022 omnia
736 2959 823 3021 melle
846 2968 876 3021 et
899 2968 982 3023 aceto
1005 2964 1119 3041 pariter

104 3052 252 3131 permixta
279 3052 310 3111 in
337 3049 444 3129 pilulas
471 3050 507 3110 ad
531 3049 651 3110 modum
675 3048 758 3109 labae
780 3049 898 3128 rediges
921 3057 952 3110 et
973 3049 1117 3111 bibendas

104 3138 256 3218 paulatim,
280 3156 348 3199 cum
371 3156 447 3218 opus
470 3138 568 3217 luerit,
592 3139 692 3199 ieiuno
715 3155 752 3197 ex
774 3140 843 3199 vino
865 3140 956 3199 mixto
980 3137 1071 3199 dabis.

196 3226 229 3287 Si
251 3224 434 3288 ventriculus
458 3233 646 3306 perversatus
671 3226 761 3286 fuerit
779 3226 876 3307 alicui,
899 3243 1005 3303 aquam
1024 3224 1113 3305 hibat,
1135 3237 1171 3287 to

65 3330 92 3372 00
106 3316 186 3378 unde
213 3316 306 3395 pedes
333 3315 438 3376 laverit
465 3332 548 3396 suos,
577 3323 607 3375 et
634 3315 671 3375 de
698 3314 763 3373 lana
791 3316 867 3394 ovis,
900 3331 975 3391 quae
1003 3332 1019 3373 a
1047 3312 1117 3394 lupo

198 3510 361 3573 spondoeo.
389 3501 534 3557 teholerc
548 3502 617 3571 (cio).
645 3506 679 3556 21
695 3500 872 3570 colligernnt.
903 3504 938 3554 2³
953 3501 1117 3571 egerendus.
