2609 4017
588 160 832 227 ,254-

207 321 337 383 XXXV.
372 324 465 383 Datur
489 334 632 403 quantum
656 323 739 384 labae
763 323 934 402 magnitudo
958 332 1005 383 cst
1023 324 1200 403 Aegyptiacae

206 431 241 472 ex
260 412 350 473 mulsi
369 412 473 492 cyatho
492 414 582 473 mixto
598 430 666 472 cum
681 430 774 491 aquae
789 412 903 492 cyathis
917 410 1043 491 duobus,
1062 412 1111 471 sed
1125 411 1199 471 lelni·
1286 409 1288 420 '

205 500 367 561 citantihus
391 520 427 560 cx
450 518 542 579 aquae
566 500 679 561 mulsae
703 500 817 580 cyathis
840 500 937 560 trihus
961 500 1026 560 dari
1049 500 1140 560 dehet.
1286 432 1288 551 l

169 604 186 652 4
294 589 337 649 Ad
365 596 514 649 tumorem
543 598 573 649 et
600 589 731 650 dolorem
760 598 791 649 et
814 587 1064 649 exulcerationem
1086 590 1200 647 vessicae
1286 631 1288 648 .

204 677 281 737 hene
309 678 379 738 facit
406 696 481 757 aqua
509 687 591 758 pota,
618 680 648 738 in
678 697 736 758 qua
763 678 876 738 ferrum
900 678 1030 737 candens
1054 678 1222 737 demissume

205 774 258 826 est.
294 764 356 826 Hoc
375 774 505 826 tractum
523 774 570 827 est
588 765 624 826 ah
643 769 729 845 aquis
748 766 860 847 calidis,
879 784 954 843 quae
974 774 1045 826 sunt
1063 768 1094 825 in
1109 766 1202 826 Tuscia
1286 771 1287 780 ’

205 853 346 935 ferratae,
359 872 435 933 quae
454 856 579 915 mirifice
599 855 765 915 remediant
782 857 913 915 vessicae
928 856 1005 933 vitia,
1026 853 1105 915 unde
1119 854 1203 933 appel·
1286 831 1288 912 l

204 940 303 1003 lantur
326 945 511 1025 vessicariae,
535 945 586 1023 qui
604 943 689 1004 locus
709 943 856 1023 quondam
880 944 937 1003 fuit
954 942 1072 1003 Milonis
1092 942 1203 1003 Brocchi

203 1033 363 1111 praetoris,
391 1031 519 1092 hominis
548 1032 666 1113 optimi,
694 1032 730 1093 ad
759 1033 1058 1111 quinquagensimum
1083 1031 1119 1092 ah
1141 1030 1203 1091 urhe

203 1118 338 1197 lapidem.
1214 1132 1238 1171 ro
1286 1145 1287 1176 2

168 1220 183 1269 5
292 1208 336 1267 Ad
359 1218 506 1269 tumorem
531 1218 561 1269 et
580 1206 712 1269 dolorem
731 1211 861 1269 vessicae
881 1216 911 1268 et
929 1208 965 1268 ad
984 1226 1045 1287 eos,
1069 1211 1122 1287 qui
1139 1208 1204 1268 dilli-
1286 1215 1288 1344 p

203 1294 299 1356 culter
322 1298 438 1356 urinam
462 1296 600 1374 reddunt,
623 1298 680 1357 sic:
706 1296 817 1358 Alterci
840 1298 970 1374 seminis,
994 1296 1107 1357 malvae
1129 1300 1205 1357 semi·

202 1385 258 1464 niS,
277 1386 446 1445 cucumeris
466 1384 561 1445 edulis
581 1387 704 1445 seminis
722 1386 849 1466 purgati,
869 1386 1053 1464 singulorum
1074 1384 1101 1445 X
1120 1403 1205 1466 senos,
1286 1385 1287 1446 l

202 1472 421 1552 amygdalorum
450 1473 581 1534 dulcium
610 1482 819 1553 purgatorum,
851 1472 1026 1534 nucleorum
1056 1476 1205 1552 pineorum
1286 1449 1287 1522 l

202 1570 410 1642 purgatorum,
438 1562 623 1642 singulorum
652 1562 678 1621 X
708 1571 823 1641 ternos,
852 1564 902 1641 opi
929 1561 955 1621 X
979 1562 1005 1641 l,
1033 1564 1115 1622 croci
1139 1560 1240 1621 ivm

201 1648 292 1710 Passo
316 1659 439 1711 contusa
463 1651 536 1711 haec
560 1653 657 1710 omnia
681 1659 932 1730 consparguntur,
961 1650 1049 1711 datur
1074 1650 1132 1711 hoc
1155 1668 1207 1709 me·

202 1738 401 1800 dicamentum
430 1739 465 1799 ad
493 1757 665 1799 mensuram
688 1739 803 1799 denarii
826 1741 915 1799 unius
939 1757 974 1799 ex
997 1740 1079 1817 passi
1102 1739 1207 1819 cyathis
1286 1773 1287 1778 κ

202 1826 318 1887 duobus
342 1837 372 1888 et
395 1846 486 1906 aquae
510 1827 628 1907 tepidae
654 1828 786 1888 totidem.

166 1928 182 1975 c
289 1916 332 1975 td
357 1918 501 1976 vessicam
525 1915 723 1977 exulceratam
746 1914 910 1975 remedium
934 1914 1045 1976 honum
1069 1918 1128 1977 sic:
1154 1915 1208 1975 Nu·
1286 1919 1287 1928 ’

201 2000 333 2063 oleorum
352 2006 508 2081 pineorum
529 2012 722 2084 purgatorum
742 2003 803 2087 ul,
822 2006 991 2065 cucumeris
1011 2003 1107 2065 eduhs
1127 2006 1245 2064 semi-2⁰

201 2092 247 2149 nis
271 2094 389 2169 purgati
413 2091 559 2173 cyathum,
583 2095 664 2153 anesi
689 2092 835 2173 cyathum,
859 2094 1012 2171 papaveris
1035 2094 1116 2171 nigri
1134 2092 1209 2173 llll,
1286 2173 1287 2176 ¹

201 2181 282 2238 croci
305 2178 329 2238 ll
349 2178 388 2259 ll,
416 2179 527 2257 palmas
544 2184 682 2242 cariotas
705 2180 794 2241 XXX.
840 2180 899 2241 Has
927 2183 1072 2241 macerari
1095 2188 1211 2259 oportet
1286 2187 1287 2256 l

200 2269 279 2346 passi
303 2265 334 2328 θ
362 2268 479 2328 duobus
507 2277 595 2348 atque
624 2272 754 2349 conteri,
782 2270 889 2330 deinde
917 2270 964 2329 his
992 2269 1070 2330 adici
1098 2278 1210 2350 cetera3
1286 2263 1287 2334 ᾗ

200 2373 236 2415 cx
266 2374 300 2416 eo
329 2356 393 2418 dari
420 2359 506 2418 nucis
534 2358 682 2436 iuglandis
709 2358 944 2437 magnitudinem
974 2376 1010 2418 ex
1040 2360 1122 2437 passi
1148 2376 1210 2438 cya·
1286 2385 1287 2432 y

199 2444 259 2505 this
283 2444 388 2506 trihus.
1223 2456 1247 2497 2⁵

165 2547 180 2595 ⁷
288 2534 330 2595 hd
351 2537 525 2615 sanguinem
545 2553 598 2615 per
617 2537 734 2596 urinam
751 2553 820 2595 cum
835 2534 937 2595 dolore
952 2534 1126 2596 reddentes:
1144 2534 1210 2595 hlu-

199 2625 288 2683 minis
306 2624 369 2683 lissi
388 2622 450 2703 XI,
469 2624 652 2701 tragacanthi
672 2622 732 2683 Xl.
766 2623 1001 2702 Tragacanthum
1020 2623 1119 2701 pridie
1139 2642 1212 2702 aqua

198 2721 379 2773 maceratum
408 2711 531 2772 alumini
561 2714 631 2772 trito
662 2712 819 2772 admisceri
849 2719 979 2793 oportet,
1010 2712 1118 2772 deinde
1147 2713 1212 2773 lieri

198 2800 331 2876 pastillos
354 2800 389 2859 ad
414 2799 528 2860 denarii
552 2804 706 2861 semissem
725 2800 771 2860 vel
792 2802 880 2861 tertia
899 2800 1044 2879 detracta3
1068 2800 1158 2861 datur
1177 2819 1211 2860 ex

197 2889 278 2964 passi
301 2888 414 2965 cyathis
438 2888 543 2949 trihus.
1223 2901 1246 2940 ³⁰

163 2987 179 3036 8
287 2975 331 3034 Ad
360 2974 523 3036 calculosos
551 2979 696 3055 optimum
724 2978 889 3039 remedium
916 2987 963 3038 est
989 2977 1211 3058 scolopendros,

199 3080 286 3141 quam
311 3081 365 3123 nos
389 3064 564 3143 saxifragam
587 3065 778 3148 appellamus,
801 3065 890 3127 huius
909 3074 1050 3127 contusae
1070 3066 1211 3127 denarius

197 3170 276 3212 unus
299 3170 335 3212 cx
354 3170 447 3231 aquae
467 3154 579 3233 cyathis
598 3153 695 3215 trihus
715 3173 768 3234 per
787 3154 851 3215 dies
868 3154 950 3214 XXX
969 3154 1064 3215 datur.
1097 3154 1211 3216 Eodem

198 3241 284 3302 modo
295 3241 361 3303 data
372 3240 564 3303 hierohotane
574 3243 705 3325 prodest,
713 3262 800 3323 quam
809 3261 863 3303 nos
871 3243 1065 3304 verbenacam
1074 3243 1211 3304 dicimus.

286 3376 475 3448 tdimissum,
494 3378 608 3433 correct.
700 3378 861 3433 8condam.
952 3382 985 3431 21
1005 3378 1137 3447 cyathus,
1161 3379 1209 3433 ln's.

197 3452 230 3501 22
250 3449 359 3518 palmas
379 3450 408 3503 et
427 3448 555 3505 cariotns.
611 3450 725 3517 oportit.
784 3454 820 3503 24
838 3448 1042 3519 magnitudine.
1097 3454 1133 3504 28
1151 3450 1211 3503 slu-

196 3516 279 3571 mine.
351 3524 385 3572 29
404 3517 548 3588 postellus.
617 3523 651 3572 34
670 3520 866 3589 verbenacam]
885 3520 1065 3575 vettonicam.
1286 3537 1287 3544 ¹
