2609 4017
582 149 820 216 -312-

193 318 255 379 cias
284 314 415 395 singulas
443 315 474 374 in
501 313 653 393 pulverem
681 313 801 392 rediges
828 320 859 375 et
886 332 955 374 cum
982 313 1069 374 melle
1093 316 1197 392 optimo

193 407 369 484 despumato
393 410 537 483 quantum
560 403 689 464 sufficiat
711 401 908 481 permiscebis
934 411 966 464 et
988 405 1087 464 ieiuno
1109 402 1198 463 cohco

194 494 274 575 quod
298 495 370 555 satis
393 495 432 554 sit
455 491 547 552 dabis.

136 593 173 642 38
284 582 455 661 Conpositio
489 579 602 652 colices
629 599 666 641 ex
694 579 771 640 libro
798 579 978 662 Philonidis,
1010 598 1083 660 quae
1114 582 1196 640 etiam

193 672 313 734 'liberio
330 671 448 732 Caesari
467 667 700 749 conponebatur,
718 686 822 747 graves
842 679 873 731 ct
890 671 1070 730 inveteratos
1087 667 1220 729 dolorcss
1285 678 1287 765 ἶ

193 762 342 841 mitigans,
360 759 433 819 mihi
451 775 570 838 quoque
590 759 802 837 experimentis
817 755 980 841 notissima,
998 759 1105 837 accipit
1117 757 1195 818 haec:
1285 768 1287 794 ²

192 850 261 928 hpii
279 849 401 910 seminis
422 846 581 928 heminam,
605 847 706 908 anethi
724 849 855 908 tenuiter
874 847 997 908 arefacti
1016 849 1196 923 semunciam,
1285 804 1287 958 Ι

193 938 323 999 castorei
346 938 542 1016 semunciam,
569 953 685 1014 myrrae
709 938 906 1016 semunciam,
930 937 1017 997 nardi
1039 937 1136 1014 spicae
1157 953 1196 994 se·
1285 966 1287 1019 Ι

193 1028 351 1105 munciam,
375 1027 436 1105 opii
458 1020 650 1105 semunciam,
674 1027 756 1086 croci
779 1027 971 1105 semunciam,
994 1027 1107 1104 piperis
1125 1023 1197 1101 lengi
1285 1024 1287 1102 l

194 1117 386 1194 semunciam,
404 1115 516 1194 piperis
533 1114 612 1191 nigri
625 1115 816 1194 semunciam,
834 1113 1002 1194 petrosilini
1015 1115 1197 1174 semunciam.
1209 1133 1233 1170 ro

193 1206 302 1284 Apium
325 1203 422 1282 pridie
444 1200 608 1263 macerabis
633 1208 663 1262 et
686 1210 775 1282 teres,
799 1210 899 1264 cetera
919 1203 1028 1264 tondes
1047 1211 1078 1263 et
1096 1201 1198 1263 cribra·

193 1292 240 1354 bis
264 1300 294 1353 et
316 1295 404 1352 mista
427 1309 494 1352 cum
518 1293 584 1370 apio
607 1292 639 1350 in
662 1293 806 1352 mortario
824 1291 1050 1371 diligentissime
1069 1299 1199 1352 conteres

194 1389 224 1442 et
250 1379 338 1442 melle
367 1380 540 1459 despumato
568 1380 680 1458 optimo
708 1380 933 1459 conprehendes
960 1387 1049 1459 atque
1077 1383 1109 1440 in
1137 1397 1199 1440 raso

193 1471 288 1532 vitreo
316 1469 441 1549 condes3
468 1486 536 1529 cum
565 1486 640 1547 opus
668 1468 773 1549 luerit,
801 1468 884 1530 dabis
911 1470 1050 1530 denarios
1073 1467 1200 1547 singulos
1285 1490 1287 1507 ι

193 1577 229 1620 cx
253 1577 347 1640 aquae
371 1557 482 1619 calidae
506 1556 618 1636 cyathis
642 1556 748 1618 tribus.
1212 1575 1234 1614 ιε
1285 1509 1287 1641 l

138 1659 174 1708 39
282 1647 326 1708 Ad
350 1646 408 1708 coli
426 1645 558 1708 dolorem
578 1653 695 1706 stercus
713 1645 858 1707 bubulum
877 1664 982 1707 recens
1001 1646 1135 1726 exprime
1152 1664 1202 1725 per
1285 1652 1286 1715 t

193 1737 318 1798 linteum
341 1735 486 1797 mnndum
509 1743 539 1796 et
563 1752 668 1796 sucum
687 1737 752 1796 eius
770 1737 803 1797 in
821 1735 953 1814 qualibet
970 1737 1091 1814 potione
1112 1734 1202 1796 cohco

194 1827 231 1888 da
253 1824 428 1905 bibendum,
452 1825 551 1884 statim
575 1823 747 1905 subvenies3
774 1824 853 1902 quod
875 1825 1042 1884 remedium
1065 1824 1202 1885 efficacis·

139 1925 175 1974 40
195 1917 304 1976 simum
336 1932 402 1974 esse
432 1911 525 1974 multa
553 1915 755 1990 experimenta
787 1912 962 1974 docuerunt.
1008 1913 1142 1991 Papauer
1169 1931 1201 1972 cx

193 2021 270 2082 aquo
291 2001 387 2063 mulsa
410 2002 567 2062 decoctum
591 2000 676 2062 dabis
698 2000 791 2062 colico
815 2002 915 2061 ieiuno
938 2001 1115 2082 hibendum,
1139 2018 1234 2062 con-oo

192 2091 292 2153 testim
315 2089 482 2150 subvenies.

138 2190 173 2238 41
282 2177 363 2238 luter
391 2185 513 2255 experta
538 2176 731 2239 subnotatum
754 2186 800 2240 est
822 2178 879 2239 hoc
902 2178 1004 2239 colicis
1026 2179 1138 2238 mirum
1160 2197 1201 2238 rc·

193 2267 324 2328 medium
348 2267 404 2327 sict
426 2265 491 2326 Fici
513 2267 609 2327 siccae
630 2269 748 2328 unciam
766 2267 788 2348 l,
811 2269 865 2327 iris
886 2266 1019 2346 lllyricae
1040 2299 1080 2310 -
1100 2266 1123 2348 l,
1146 2275 1202 2350 ret·

192 2357 309 2418 tonicae
336 2353 408 2414 -l
434 2357 466 2415 in
494 2353 582 2415 ollam
609 2373 715 2416 novam
742 2357 843 2417 mittes
870 2375 939 2416 cum
962 2356 1089 2416 bisontio
1113 2374 1201 2435 aquae

193 2452 225 2507 ot
251 2463 319 2507 cum
348 2463 439 2524 supra
467 2445 586 2524 scriptis
614 2444 650 2504 ad
674 2444 811 2505 dimidias
834 2463 945 2524 coques
968 2454 1000 2505 et
1020 2444 1091 2506 inde
1113 2445 1235 2506 hemi-n

138 2543 173 2592 42
194 2553 262 2596 nam
294 2533 378 2595 dabis
410 2534 511 2594 ieiuno
543 2533 637 2593 colico
668 2533 834 2610 potandam.
879 2532 992 2614 Herba,
1018 2551 1096 2612 quae
1123 2533 1202 2594 mile·

192 2623 296 2684 folium
315 2621 488 2703 appellatur,
507 2623 577 2683 trita
596 2640 631 2682 ex
650 2623 718 2681 vino
738 2630 857 2683 austero
875 2624 961 2702 nigro
975 2622 1091 2684 utiliter
1105 2623 1202 2684 colicis
1285 2632 1286 2693 l

193 2711 321 2773 bibenda
344 2710 440 2772 datur.
1285 2696 1286 2717 ¹

137 2808 173 2857 43
281 2798 411 2860 llerbam
435 2807 572 2878 nepetam
595 2799 698 2859 dextra
721 2816 812 2860 manu
839 2799 974 2880 colliges,
1001 2801 1033 2860 in
1061 2807 1202 2879 qnantum

192 2888 332 2948 sulficere
360 2905 448 2966 posse
476 2887 653 2967 credideris,
682 2905 806 2966 eamque
834 2889 870 2948 ad
895 2887 1044 2949 levitatem
1067 2898 1235 2950 contereso

193 2983 224 3037 et
251 2994 320 3036 cum
347 2977 415 3036 vino
444 2974 524 3036 dulci
551 2995 585 3036 ac
613 2984 714 3037 vetere
737 2975 784 3036 vel
805 2975 965 3056 Libyccnsi
986 2977 1081 3039 colico
1105 2981 1201 3040 ieiuno

191 3081 246 3143 per
265 3063 397 3125 triduum
417 3062 513 3144 dabis3
538 3064 590 3124 scd
609 3066 671 3125 vini
689 3064 794 3126 modus
813 3067 853 3127 sit
870 3067 1049 3148 quartarius,
1067 3066 1201 3128 lacillime

136 3161 174 3210 44
192 3153 335 3233 proderit.
368 3151 513 3232 Fuliginis
536 3151 612 3213 benc
630 3155 718 3214 tritae
738 3161 768 3214 et
786 3153 927 3215 criblatac
945 3161 1048 3215 ternos
1067 3156 1201 3217 denarios

191 3261 246 3322 per
269 3242 402 3304 triduum
426 3260 463 3302 ex
485 3259 560 3320 aqua
584 3241 678 3303 calida
701 3244 801 3303 ieiuno
824 3243 918 3304 colico
941 3245 1026 3323 potui
1048 3243 1143 3308 dabis.

280 3377 445 3434 4ooliaces.
534 3375 698 3432 teminam.
788 3379 996 3434 Scaelorauno.
1088 3385 1123 3435 13
1141 3396 1199 3434 con-

191 3447 343 3516 prehindis.
418 3452 452 3501 14
471 3445 594 3502 dinarius
613 3445 749 3515 singulus.
822 3455 856 3504 23
874 3450 968 3506 uncia.
1031 3449 1199 3507 vectoniceo.
1285 3508 1286 3511 ,

191 3522 225 3570 31
245 3516 383 3572 libicenei.
456 3523 490 3571 33
508 3519 605 3572 bernus
624 3515 763 3573 donamus.
