2609 4017
536 176 732 241 -5-

125 338 313 401 ficationihus
340 340 419 399 veris
447 340 549 419 lieret;
577 341 677 419 itaque
705 338 895 418 explicandae
924 340 969 398 rei
996 338 1138 400 adversus

124 429 337 490 obscuritatem
361 427 506 489 consului.
543 428 638 507 lgitur
661 427 788 507 epistula
810 426 878 488 talis
902 435 956 489 est.

191 571 369 633 Antiocho
392 572 470 649 regi
491 568 735 650 Hippocrates
758 569 851 631 Cous
874 569 1027 631 salutem
1051 569 1078 630 d.

214 694 287 755 Eam
308 702 337 756 te
355 696 386 754 in
405 694 462 755 hoc
480 694 624 773 regnandi
644 712 768 755 munere
791 702 822 755 et
844 693 973 756 culmine
996 702 1139 773 reputans
1160 702 1174 749 1

125 786 276 845 sustinere
304 800 476 864 personam,
504 791 538 844 ut
565 801 618 845 rex
647 801 772 861 magnus
799 785 890 844 vitam
912 783 1014 844 multis
1037 783 1140 844 utilem

97 875 157 933 sin
180 872 302 951 longum
324 872 489 952 provehere
512 872 633 953 debeas,
657 871 746 933 simul
766 874 918 951 ingentem
936 872 1140 951 providentioe

125 970 195 1023 tuae
214 964 341 1023 metiens
359 980 471 1043 curam,
490 980 548 1041 qua
567 962 844 1041 experientissimus
863 979 964 1023 rerum
983 960 1141 1021 mathesim

125 1069 247 1131 quoque
270 1052 365 1131 prime
389 1051 514 1131 adeptus
537 1068 583 1132 es,
611 1052 771 1111 convenire
799 1050 908 1111 talibus
931 1050 1039 1129 regalis
1062 1050 1141 1130 peri·

124 1142 185 1201 tiae
209 1139 317 1200 studiis
335 1139 496 1202 arbitratus
517 1158 584 1200 sum
603 1140 795 1200 domesticam
815 1158 934 1219 quoque
953 1138 1058 1200 tuendi
1076 1155 1141 1199 oor·

125 1230 210 1307 poris
229 1235 259 1289 et
277 1229 481 1307 procurandae
500 1228 678 1289 ualetudinis
697 1230 865 1309 scientiam3
884 1246 975 1307 super
990 1229 1077 1289 cuius
1091 1226 1141 1287 ob·

85 1335 110 1374 10
126 1316 345 1379 sectationibus
364 1317 400 1378 ad
419 1326 448 1379 te
468 1317 660 1379 scribendum
679 1319 789 1397 putavi,
814 1325 846 1378 ut
865 1325 895 1378 et
915 1316 1024 1396 quihus
1043 1316 1142 1377 causis

127 1405 227 1468 morbi
242 1407 405 1468 existerent
422 1416 452 1467 et
466 1406 575 1486 quibus
589 1415 859 1486 praenoscerentur
872 1405 991 1467 indiciis
1006 1413 1036 1467 et
1050 1404 1142 1486 quali·

126 1494 184 1557 hus
202 1498 283 1556 inter
301 1495 421 1557 exordia
440 1497 662 1575 perimerentur
680 1494 815 1557 medellis
833 1495 1031 1556 ostenderem.
1068 1492 1142 1554 Nam

127 1584 191 1645 lere
205 1592 240 1645 ut
253 1584 328 1645 caeli
341 1584 513 1646 turbulenta
527 1592 689 1664 tempestas
707 1602 868 1663 numquam
887 1586 946 1644 nisi
963 1582 1143 1663 praeceden-

127 1673 210 1734 tibus
225 1672 301 1734 solet
315 1674 408 1753 signis
422 1675 572 1755 ingruere,
586 1676 627 1734 ita
641 1690 802 1752 corporum
816 1674 992 1732 inminentia
1001 1671 1143 1750 pleraque

88 1777 115 1818 15
127 1761 317 1823 incommoda
335 1770 419 1823 ortus
438 1764 552 1841 proprii
572 1762 787 1841 significatione
806 1768 1019 1822 monstrantur.
1047 1758 1143 1838 Spon-

129 1851 184 1911 deo
200 1858 299 1912 autem
313 1869 368 1929 pro
383 1853 514 1929 ingenita
529 1850 689 1931 docilitate,
703 1868 761 1929 qua
776 1857 907 1910 nostram
921 1867 1039 1929 quoque
1053 1866 1145 1927 super

128 1940 177 1999 his
191 1939 283 2001 rebus
298 1939 459 2000 sollertiam
473 1939 591 2019 probas,
605 1941 728 2000 monitis
741 1940 817 2000 meis
829 1940 1046 2000 auscultantem
1055 1955 1144 2017 posse

129 2036 159 2089 te
178 2028 328 2108 reliquum
347 2030 423 2089 vitae
442 2036 560 2109 tempus
579 2030 665 2089 firma
683 2027 852 2089 valetudine
871 2036 902 2089 et
924 2028 1011 2108 plena
1031 2027 1143 2088 incolu-

130 2119 233 2177 mitate
252 2117 429 2196 producere.
467 2117 607 2197 Corporis
625 2120 718 2195 igitur
741 2117 864 2177 humani
882 2118 916 2177 lit
934 2136 950 2177 a
968 2116 1055 2177 nohis
1074 2132 1144 2195 qua·
1164 2122 1183 2170 2

89 2222 117 2262 so
130 2206 288 2284 dripertita
313 2206 430 2286 divisio,
461 2208 547 2267 cuius
575 2208 605 2266 in
635 2206 771 2285 partibus
794 2204 919 2285 singulis
942 2204 1146 2266 valetudinum

129 2295 294 2355 moderatio
314 2296 494 2356 continetur.
534 2294 610 2355 Sunt
628 2304 729 2356 autem
746 2304 848 2375 partes
866 2295 935 2356 hae:
961 2313 1030 2356 cum
1049 2295 1146 2373 capite

129 2386 192 2443 oris
211 2382 386 2465 sublimitas,
405 2386 536 2462 pectoris
554 2382 677 2466 latebra,
696 2386 810 2445 ventris
829 2383 1061 2464 receptaculum,
1080 2399 1149 2443 sen·

129 2474 192 2533 tina
220 2474 345 2534 vesicae.
387 2471 420 2532 Si
447 2474 536 2551 capiti
563 2475 656 2551 igitur
683 2475 799 2534 eveniat
828 2473 1061 2553 incommodum,
1094 2477 1147 2532 aut

130 2560 272 2623 tenebrae
287 2559 482 2622 offunduntur
496 2568 547 2622 aut
561 2563 658 2621 cietur
676 2560 762 2622 dolor
780 2570 832 2622 aut
849 2569 956 2621 onusta
976 2563 1059 2640 quasi
1074 2577 1146 2638 pon·

91 2664 117 2705 es
132 2649 203 2711 dere
233 2648 393 2730 supercilia
420 2651 591 2710 sentiuntur
619 2657 671 2709 aut
695 2650 729 2709 tit
751 2657 920 2727 temporum
942 2648 1047 2727 pulsus
1070 2648 1148 2708 adsi·

130 2740 208 2800 duus
232 2747 283 2800 aut
306 2738 542 2800 tumescentibus
565 2756 651 2798 mane
675 2737 770 2799 oculis
789 2737 896 2816 caligat
912 2737 1072 2816 adspectus
1095 2743 1147 2797 aut

130 2846 218 2888 aures
247 2828 380 2888 tinniunt
408 2836 439 2888 et
465 2836 587 2907 accepto
617 2827 745 2906 quodam
772 2827 899 2888 interius
926 2826 1149 2888 tumultuantur

131 2934 214 2977 sono.
256 2914 309 2975 His
338 2933 408 2994 ergo
437 2918 530 2995 signis
560 2915 757 2977 existentibus
785 2924 875 2995 caput
902 2924 948 2977 est
970 2917 1147 2995 purgatione

131 3005 309 3083 curandum,
336 3004 389 3065 sed
418 3023 509 3084 super
535 3004 708 3066 huiusmodi
739 3012 838 3065 tamen
870 3004 980 3065 leviore
1012 3003 1147 3084 medella,

90 3109 117 3149 eo
130 3092 238 3173 hysopi
260 3092 307 3154 uel
328 3095 442 3171 origani
461 3092 555 3154 Indici
574 3110 658 3154 corna
677 3094 787 3155 iniecta
805 3092 925 3155 defruto
943 3095 1006 3154 sive
1024 3092 1147 3173 mulsae,

204 3271 218 3319 t
238 3263 354 3335 primae.
429 3270 445 3318 9
465 3262 635 3319 valetudinis
656 3269 705 3319 tm
722 3262 888 3320 valitudinis
907 3270 966 3322 2m.
1032 3269 1064 3319 to
1083 3281 1147 3334 pro·

130 3334 186 3405 prii
205 3334 374 3405 Stephanus:
397 3335 526 3405 propriis.
614 3340 647 3389 17
667 3335 900 3391 abauscultatem.
986 3340 1020 3390 18
1038 3335 1146 3390 valetu-

132 3405 197 3460 dine
215 3412 266 3461 tm
288 3406 366 3461 velit.
386 3410 445 3462 2m.
506 3412 540 3461 20
553 3405 750 3461 valitudinum.
814 3411 848 3459 21
864 3423 926 3461 eom
942 3412 989 3462 tm
1008 3422 1073 3461 cum
1085 3409 1146 3462 2m.

131 3482 166 3531 22
185 3476 276 3533 latera
294 3478 387 3533 littero
405 3478 424 3533 b
442 3494 529 3533 ercan.
594 3482 628 3531 nt
642 3477 822 3532 offenduntur
834 3494 868 3532 ex
882 3478 1064 3533 offunduntur
1077 3493 1146 3533 corr.

131 3553 167 3603 26
185 3548 403 3604 tumiseentibus
423 3553 474 3604 111.
547 3554 582 3603 30
600 3548 691 3618 ysopi.
764 3548 836 3620 sive]
856 3548 911 3603 sibi
982 3549 1082 3603 mulsa.

1157 3764 1292 3879 Γ
