2609 4017
390 173 837 252 '‘-134—

210 358 240 410 et
262 349 395 410 furfures
417 367 485 409 cnm
505 366 581 427 aqua
600 348 695 409 mulsa
714 348 862 429 decoques
883 357 913 410 et
932 367 986 428 pro
1005 346 1225 427 gargalismatio

156 439 305 503 abuteris
333 437 369 498 ad
397 455 485 498 uvam
513 437 715 517 reparandam.
758 437 862 498 Aleum
888 456 957 499 cum
981 437 1041 497 sale
1064 438 1174 498 tritum
1197 439 1225 496 iu

156 539 190 592 3ο
210 527 337 589 cocleari
355 526 523 606 adpositum
542 544 616 587 uvae
634 526 827 588 vehementer
846 545 911 587 eam
930 525 1050 586 relevat.
1078 525 1144 586 hlei
1163 543 1225 586 nm·

210 615 341 697 bilicum,
360 633 417 694 quo
437 632 528 693 grana
547 617 740 676 continentur
757 623 845 695 atque
860 614 914 677 ubi
927 614 1043 676 radices
1057 613 1223 694 inhaerent,

210 723 278 764 cum
301 705 375 783 ipsis
399 702 550 765 radicibus
574 705 604 765 in
628 705 786 783 phoenicio
814 704 929 782 conliga
958 711 989 764 et
1015 702 1165 764 laboranti
1188 703 1245 765 des

155 806 188 857 31
209 812 266 854 uva
289 793 359 854 luna
382 794 507 872 septima
531 793 706 872 phylacterii
729 812 811 854 more
835 792 1009 872 suspendes.
1056 791 1153 853 Ovum
1177 811 1223 852 ex·

209 883 355 942 inanitum
379 881 560 960 completum
583 884 646 942 viva
670 889 750 942 terra
773 882 838 944 loco
860 882 959 943 clauso
979 883 1006 941 si
1024 880 1223 942 abscondatur

209 970 245 1031 ab
270 989 314 1051 co,
337 973 389 1049 qni
412 970 448 1031 de
468 969 603 1031 lancibus
623 980 652 1031 ct
671 973 789 1032 arteriis
808 970 962 1052 laborabit,
985 970 1120 1031 remedio
1139 989 1222 1050 prae·

155 1073 190 1122 32
209 1061 288 1120 senti
310 1059 368 1120 sibi
391 1058 536 1120 subvenit.
583 1058 648 1120 Olei
671 1063 780 1121 veteris
808 1060 888 1140 quod
914 1061 985 1120 satis
1009 1061 1067 1120 erit
1089 1061 1222 1120 infusum

209 1148 331 1209 naribus
359 1157 506 1209 tumorem
532 1151 711 1209 arteriorum
735 1167 872 1228 represso
895 1147 1029 1228 periculo
1054 1149 1255 1209 suffocatio-n

155 1250 189 1300 33
208 1240 256 1299 nis
280 1239 398 1298 evincit.
443 1235 560 1298 Fimum
585 1236 801 1318 columbinum,
829 1239 903 1299 licus
932 1237 1029 1299 aridas
1055 1244 1086 1297 et
1109 1240 1222 1298 nitrum

209 1326 317 1388 tuudes
341 1344 434 1405 eaque
457 1328 548 1387 mista
571 1329 757 1387 extrinsecus
781 1327 925 1408 adpones3
953 1327 1009 1386 hoc
1038 1325 1222 1387 medicamen

155 1428 190 1478 34
208 1417 398 1494 asperitatem
418 1414 548 1475 lancium
567 1415 662 1475 mollit
680 1415 968 1495 destillationemquc
987 1417 1120 1493 castigat.
1151 1414 1222 1476 Coc-

208 1505 270 1564 leae
294 1513 373 1564 terra
397 1510 513 1565 lantum
532 1522 657 1565 excussa
676 1503 784 1565 inlotae
804 1512 982 1585 coquuntur,
1007 1503 1115 1564 dehinc
1134 1505 1222 1564 tritae

208 1611 277 1653 cum
297 1611 383 1672 passo
401 1593 518 1653 Cretico
538 1592 695 1654 adversum
715 1593 844 1654 lancium
862 1593 1013 1653 molestias
1031 1591 1220 1653 hauriuntur.
1235 1605 1255 1645 1⁵

154 1692 189 1744 33
207 1681 247 1743 Ut
265 1682 394 1743 lancium
414 1682 554 1743 duritiam
573 1681 674 1762 lenias,
699 1682 883 1743 medicamen
902 1682 991 1742 iacies
1010 1680 1081 1742 tale:
1105 1680 1221 1760 Myrrae

211 1804 249 1815 -
270 1770 326 1853 lll,
349 1771 430 1832 croci
456 1805 493 1814 -
515 1770 541 1850 l,
565 1770 750 1850 tragacanthi
775 1804 812 1814 -
833 1769 886 1852 lll,
911 1772 1086 1831 ammoniaci
1112 1803 1151 1814 —
1173 1768 1221 1852 lll,

195 1859 304 1920 mellis
332 1859 412 1938 quod
440 1861 511 1919 satis
540 1861 587 1919 sit.
634 1859 739 1920 Omnia
767 1860 840 1920 haec
870 1862 940 1920 trita
963 1867 1051 1938 atquc
1073 1861 1221 1939 permixta

207 1947 353 2008 recondes
372 1954 402 2007 et
420 1957 523 2025 parato
543 1954 685 2027 certoque
705 1947 837 2009 subsidio
859 1948 896 2008 ad
915 1949 1039 2008 arterias
1058 1950 1220 2008 crassiores

154 2053 189 2102 aa
209 2043 239 2096 et
272 2035 308 2095 ad
341 2034 544 2096 difficultatem
577 2038 659 2096 vocis
691 2039 794 2098 uteris.
846 2037 889 2096 Ad
923 2043 1056 2097 tumores
1087 2055 1161 2097 uvae
1193 2043 1253 2098 eta

208 2125 338 2184 lancium
370 2124 577 2202 reprimendos
607 2126 780 2204 gargalizari
809 2133 927 2205 oportet
957 2125 1085 2204 tepidam
1114 2144 1220 2204 aquam

207 2212 334 2278 mulsam
356 2230 425 2272 cum
448 2230 552 2273 umore
576 2216 687 2275 tisanae
714 2222 834 2275 etcum
858 2213 944 2275 melle
968 2214 1130 2294 decoctam,
1154 2233 1220 2294 pas-

208 2320 275 2362 sum
298 2319 417 2380 quoquc
441 2320 510 2362 cum
528 2301 710 2382 glycyrrhiza
734 2303 779 2364 vel
802 2303 915 2383 hysopo
939 2303 984 2363 rel
1008 2303 1093 2363 faeno
1114 2321 1220 2382 graeco

207 2390 255 2451 vel
277 2390 331 2451 lini
354 2391 466 2451 semine
490 2391 646 2452 decoctum
668 2385 747 2453 iuvat
771 2409 886 2452 necnon
911 2401 941 2452 et
964 2410 1039 2471 aqua
1058 2390 1220 2452 malvarum

154 2496 188 2545 33
207 2479 268 2540 illic
287 2482 470 2540 incoctarum
489 2479 709 2559 gargalizationi
727 2481 889 2560 plurimum
903 2481 1033 2560 prodest.
1062 2480 1142 2541 Bene
1160 2483 1219 2560 opi·
1232 2493 1254 2534 n

208 2569 321 2630 tulatur
340 2577 370 2630 et
389 2569 553 2630 lomentum
571 2587 626 2649 per
640 2570 790 2648 slongeam
808 2569 972 2630 adhibitum
988 2588 1022 2630 ex
1037 2587 1113 2648 aqua
1128 2569 1220 2630 calida

207 2661 334 2720 arteriae
357 2665 388 2719 et
407 2658 551 2737 faucibus,
575 2676 648 2737 quas
667 2665 767 2738 partes
786 2666 889 2737 postca
908 2661 968 2737 tegi
987 2657 1139 2737 oportebit
1158 2659 1222 2719 lana

208 2747 311 2808 sucida
334 2765 417 2824 pura.

154 2851 189 2900 33
298 2834 409 2895 Sedant
437 2843 568 2896 tumores
594 2835 724 2896 faucium
748 2843 778 2896 et
800 2854 873 2896 uvae
896 2837 1109 2915 perunctiones
1134 2855 1221 2914 quac·

208 2925 289 3005 dam,
316 2933 351 2984 ut
380 2942 471 2984 sucus
499 2923 535 2984 de
564 2926 655 2983 moris
684 2931 786 2985 coctus
814 2927 845 2985 in
868 2925 964 2985 mellis
987 2924 1253 3005 spissitudinemn

208 3015 279 3072 item
298 3009 369 3071 mali
382 3011 487 3072 Punici
506 3029 666 3090 granorum
686 3030 785 3093 sucus,
804 3015 875 3073 item
895 3032 967 3074 uvae
987 3012 1111 3074 acerbae
1131 3033 1221 3075 sucus

208 3101 313 3160 eodem
335 3100 423 3160 modo
447 3100 603 3180 decoctus3
627 3102 749 3179 prodest
773 3109 802 3162 ct
825 3102 944 3163 lentisci
962 3109 991 3162 et
1010 3100 1175 3164 terebinthi
1193 3111 1222 3163 et

208 3190 283 3250 rhus
297 3188 410 3268 Syriaci
425 3197 455 3249 et
469 3198 582 3268 myrtae
597 3197 628 3250 et
647 3190 715 3250 rubi
734 3198 764 3250 et
782 3209 867 3251 rosae
887 3210 986 3271 sucus,
1006 3193 1115 3252 sicum
1135 3191 1221 3251 melle

208 3279 402 3339 haecomnia
427 3278 647 3360 decoquantur3
674 3297 769 3358 pruna
800 3298 919 3358 quoquc
947 3287 1073 3359 prosunt
1096 3288 1220 3360 matura,

280 3413 435 3469 bfoenicio.
486 3412 633 3469 cfilaterii.
684 3414 917 3471 lebscondialur.
969 3419 1002 3469 10
1017 3413 1220 3484 suffugationis.

210 3490 242 3539 15
261 3484 416 3540 annituntur.
470 3490 502 3538 16
521 3485 651 3552 myrrhae
671 3486 737 3554 (eie).
791 3491 823 3539 17
842 3486 1005 3540 iracacanti.
1048 3484 1220 3541 303133331-

208 3555 276 3610 tate.
323 3561 357 3610 23
376 3554 523 3626 glycerius
570 3561 604 3610 25
623 3555 743 3611 incocta.
798 3555 934 3625 prodsnnt
953 3558 1021 3629 (eie).
1068 3563 1103 3612 33
1122 3560 1219 3627 myrta.
