2609 4017
582 180 820 246 ..14ss-

145 355 182 407 54
200 352 317 424 gantur.
359 343 466 406 Cancri
487 343 622 405 fluviales
644 343 793 406 combusti
815 345 880 404 triti
907 350 1029 404 etcum
1053 341 1139 403 melle
1165 341 1214 402 ad·

199 435 290 513 positi
312 441 443 494 suumas
465 434 638 494 discutiunt
679 431 761 493 ldem
783 439 938 511 praestant
961 439 993 492 et
1014 439 1108 492 testae
1131 430 1213 490 ecbi-

143 534 179 584 55
198 541 307 583 norum
330 539 367 581 ox
389 530 474 582 aceto
496 523 585 583 tritae
607 529 640 582 et
657 521 816 600 adpositae.
849 520 882 581 Si
900 520 1030 581 volueris
1048 519 1214 598 explorare,

197 618 301 672 utrum
324 618 438 671 struma
461 612 500 670 sit
522 610 582 670 loci
599 610 689 690 illius,
712 612 765 689 qui
782 609 920 694 tumebit,
941 617 1099 687 antequam
1117 607 1213 668 medi-

198 702 296 760 cinam
314 698 463 778 adhibeas,
480 697 662 760 lumbricum
679 706 855 760 terrestrem
874 697 910 758 ad
929 706 1078 758 tumorem
1096 695 1238 774 adplicat

198 795 229 849 et
255 794 359 867 postea
387 806 478 867 super
504 787 607 848 folium
633 805 725 868 pone3
753 788 779 848 si
807 794 921 847 struma
944 787 1015 867 erit,
1047 783 1214 846 lumbricus

197 883 278 937 terra
301 876 366 938 liet:
389 879 415 937 si
438 894 499 936 non
521 878 580 937 erit
602 884 726 956 suuma,
748 877 865 954 integer
887 883 976 954 atque
995 873 1123 934 inlaesus
1144 891 1213 951 per·

142 977 177 1027 55
196 964 336 1026 manebit.
376 965 499 1044 Saepiae
522 973 599 1025 tosta
622 966 822 1025 minutissima
845 971 969 1025 contusa
992 981 1061 1023 cum
1084 963 1214 1040 axungia

143 1065 178 1116 ot
197 1061 299 1114 vetere
327 1053 450 1115 subacta
477 1062 507 1114 et
531 1056 660 1133 inposita
684 1055 807 1114 strumis
829 1052 975 1113 medetur.
1020 1051 1214 1112 Nasturcium

198 1160 268 1202 cum
291 1141 421 1204 alumine
443 1145 605 1204 contritum
624 1143 743 1203 inlitum
762 1140 808 1202 vel
826 1143 988 1221 inpositum
1008 1141 1129 1201 strumis
1150 1141 1214 1218 opi·
1227 1155 1249 1194 n

142 1243 177 1293 58
197 1229 350 1292 tulabitur.
392 1231 552 1311 Talparum
574 1233 671 1309 capita
695 1231 791 1292 recisa
814 1248 883 1293 cum
906 1238 986 1290 terra
1010 1247 1063 1289 sua
1085 1236 1214 1289 contun-

198 1318 311 1380 duntur
334 1326 365 1379 ot
387 1337 443 1398 pro
466 1319 626 1399 emplastro
645 1319 837 1399 adponuntur
854 1321 987 1399 strumis,
1010 1317 1122 1378 utiliter
1142 1335 1214 1396 pro-

195 1414 282 1487 sunt;
304 1406 343 1467 cb
367 1408 447 1486 quod
469 1407 580 1487 pastilli
601 1408 672 1468 inda
695 1408 766 1468 lacti
787 1409 819 1468 in
840 1407 946 1487 pyxide
965 1414 1087 1484 stagnea
1103 1407 1214 1484 reponi
1285 1431 1286 1442 ¹

142 1507 177 1556 59
199 1494 319 1576 debent,
341 1505 375 1557 ut
393 1504 513 1575 praesto
535 1498 604 1577 sint,
627 1515 695 1558 cum
719 1514 795 1577 opus
818 1505 872 1557 est
906 1494 975 1557 Calx
995 1497 1059 1555 viva
1076 1511 1147 1556 cum
1168 1511 1214 1554 re-

197 1586 263 1644 sina
281 1583 393 1664 liquida
411 1593 441 1646 et
460 1584 546 1664 adipe
565 1585 649 1646 suilla
669 1584 791 1646 subacta
811 1592 842 1646 et
859 1585 960 1645 addito
977 1583 1064 1644 melle
1080 1584 1214 1661 inposita
1228 1598 1250 1638 1⁵

141 1685 176 1734 60
195 1676 319 1734 strumis
348 1676 422 1734 mire
445 1674 590 1734 medetur.
631 1673 814 1752 Ungularum
838 1674 1013 1752 equinorum
1037 1681 1214 1733 exustarum

142 1774 176 1823 61
197 1763 273 1822 ciuis
296 1781 365 1823 eum
389 1761 453 1823 oleo
472 1764 620 1840 inpositus
638 1762 685 1822 vel
704 1761 808 1823 inlitus
826 1764 950 1823 strumis
967 1761 1112 1822 medetur.
1145 1760 1214 1821 Aen

195 1868 289 1930 ossea,
312 1850 343 1910 id
362 1858 409 1910 est
427 1850 541 1929 spiculo
561 1853 703 1931 trygonis,
727 1869 803 1930 quae
822 1853 971 1931 pastinaca
989 1849 1107 1928 dicitur,
1129 1858 1213 1910 stru·

139 1950 174 1999 ca
194 1955 271 1998 mam
300 1940 419 2017 saepius
443 1957 555 2018 punge,
581 1942 681 2000 statim
710 1942 827 2001 arescit
870 1939 914 2000 Ad
938 1949 1080 2000 strumam
1104 1937 1212 1998 sedan·

193 2025 261 2085 dam
285 2026 357 2088 buxi
379 2035 482 2087 tenera
508 2036 538 2088 et
565 2028 798 2110 cicutam-teres
821 2027 867 2088 vel
889 2026 1055 2088 contundes
1082 2035 1113 2086 et
1140 2044 1212 2086 cum
1226 2042 1249 2080 aa

195 2117 322 2192 axungia
336 2114 457 2194 subigas
472 2126 502 2176 et
515 2117 547 2175 in
561 2134 659 2195 panno
680 2119 765 2177 tenui
783 2117 938 2178 inductum
957 2115 1140 2176 medicamen
1161 2114 1212 2174 ad-

141 2216 175 2264 53
193 2220 296 2281 pones.
333 2201 469 2281 Virgulas
491 2213 610 2264 teneras
632 2204 713 2284 buxi,
737 2204 920 2284 manipulum
938 2211 1075 2264 tenerum
1094 2204 1211 2263 urticae

195 2292 368 2369 unipecciae
390 2294 422 2352 in
442 2292 528 2352 ollam
546 2292 653 2353 rudem
672 2292 857 2354 bisextialem
875 2311 944 2354 cunr
963 2311 1038 2371 aqua
1056 2293 1161 2352 mittes
1181 2299 1212 2351 et

194 2378 230 2439 ad
254 2379 367 2440 medias
389 2381 552 2461 decoques3
575 2390 679 2460 postea
703 2381 739 2442 de
762 2399 838 2461 aqua
861 2383 926 2461 ipsa
944 2381 1105 2442 dormitum
1124 2382 1211 2440 eunti

194 2475 344 2529 strumoso
367 2468 495 2531 calidum
523 2477 668 2549 quantum
695 2471 758 2548 pati
784 2473 879 2549 possit
905 2469 1086 2530 sorbendum
1105 2467 1210 2548 dabis,
1224 2484 1249 2524 aa

193 2574 254 2617 non
277 2557 553 2638 transmittendum,
581 2559 633 2619 sed
662 2558 699 2618 ad
729 2576 797 2619 eum
825 2557 923 2619 locum
952 2559 1003 2636 qul
1026 2557 1107 2618 dolet
1129 2559 1209 2617 intra

192 2663 227 2706 os
250 2647 425 2727 tenendum3
450 2657 561 2726 quanto
584 2655 685 2707 autem
708 2647 822 2708 diutius
844 2655 896 2708 aut
917 2646 1041 2708 calidius
1066 2648 1210 2724 tenuerit,

193 2742 274 2795 tanto
294 2737 383 2796 citius
402 2735 564 2797 sanabitur.
600 2734 719 2796 Sufficit
737 2744 846 2816 autem,
864 2741 899 2796 ut
912 2744 1012 2796 ternas
1027 2733 1209 2796 sorbitiones

191 2822 317 2900 singulis
340 2822 479 2883 noctibus
501 2826 580 2884 intra
603 2842 637 2884 os
660 2832 768 2885 teneat

135 2922 171 2973 64
278 2909 461 2971 lledicamen
489 2911 524 2971 ad
553 2911 654 2972 fauces
683 2911 829 2972 curandas
858 2913 915 2973 sic:
955 2909 1050 2972 Rutae
1079 2903 1206 2996 filil,
1220 2925 1247 2966 so

188 3006 306 3058 mentae
335 3000 532 3080 semunciam,
564 2999 627 3059 toiri
660 3003 856 3081 semunciam,
887 2999 988 3061 anethi
1018 2999 1205 3079 tantundem,

188 3087 248 3164 apii
269 3086 364 3167 idem,
392 3086 511 3148 coliculi
533 3089 657 3148 seminis
685 3089 777 3171 idern,
806 3088 979 3150 cucurbitae
1007 3096 1038 3148 et
1059 3087 1207 3149 marrubii

187 3175 280 3256 idem,
303 3181 385 3236 teres
408 3175 567 3254 diligenter
589 3177 663 3238 baec
686 3180 785 3238 omnia
808 3197 842 3238 ac
865 3176 1060 3256 permiscebis
1085 3184 1205 3238 etcum

133 3273 169 3324 55
189 3281 264 3342 opus
287 3264 400 3344 fuerit,
415 3264 516 3326 fauces
539 3266 608 3326 inde
631 3275 744 3344 tanges.
790 3265 863 3327 ltem
887 3265 1039 3345 pulverem
1061 3265 1098 3325 ad
1122 3265 1203 3326 idem

257 3399 438 3455 clumbriao.
516 3399 662 3470 surgis.
746 3406 779 3456 16
797 3401 879 3456 verba
897 3399 1072 3470 Ungularum
1091 3430 1127 3439 —-
1145 3417 1202 3454 me·

185 3467 269 3522 datur
286 3485 338 3524 om.
411 3476 445 3525 18
463 3470 621 3540 pastinaga.
686 3476 722 3525 24
740 3470 829 3541 eunti]
849 3471 990 3527 adversus.
1052 3476 1087 3526 28
1105 3474 1202 3526 ternos

183 3554 286 3595 soreos.
360 3545 393 3594 32
413 3539 527 3595 caliculi
545 3541 665 3596 camenis
684 3540 782 3596 isdem.
854 3540 997 3596 marturii.

81 3674 150 3697 A,
