2609 4017
495 197 737 263 -331-

193 358 238 419 Ad
261 358 400 438 rhagadia
423 361 455 420 in
478 378 533 420 ano
557 363 722 423 nascentia:
746 361 874 440 Spumae
898 365 1013 441 argenti
1037 397 1075 406 -
1095 363 1117 444 l,
1139 376 1171 424 12

100 448 162 510 olei
186 449 266 508 rosei
291 448 364 508 —l
391 448 585 527 permiscebis
614 459 644 510 et
672 450 794 512 adsidue
822 451 963 530 adpones.
1002 451 1118 514 Planta·
1139 465 1172 513 13

99 539 182 616 ginis
206 536 275 598 lolia
299 544 328 598 et
350 538 466 598 radices
487 545 518 598 et
535 537 658 600 herbam
677 540 883 601 centenodiam
903 548 933 601 et
950 540 1020 602 rubi
1039 559 1118 602 sum-

99 628 237 687 mitatem
258 632 287 687 et
306 625 429 706 mespila
449 636 479 687 et
497 627 628 707 cydonea
647 636 678 689 et
695 647 789 690 nuces
807 628 904 690 Gallae
923 629 1009 690 etde
1028 628 1117 691 salice

71 714 235 795 sirondes,
259 733 334 794 quae
356 717 535 776 tenerrimae
555 717 676 798 suerint,
700 735 769 778 cum
789 724 956 778 atramento
975 721 1117 780 sotericio

100 823 140 864 ex
163 822 239 883 aqua
263 822 374 883 coques
398 803 486 864 simul
508 806 646 866 universa
670 805 785 866 adiecta
806 817 910 884 quarta
932 816 1017 886 parte
1041 809 1119 869 aceti

100 900 134 952 et
161 892 273 953 celabis
301 892 460 972 diligenter
486 902 575 973 atque
599 894 668 955 inde
691 893 805 955 lovebis
828 913 878 956 eas
900 904 1014 977 partes,
1038 897 1117 958 unde

99 981 346 1042 haemorrhoides
370 981 476 1044 fluunt.

192 1069 271 1130 Rubi
298 1073 498 1132 summitatem
523 1070 643 1150 colliges
668 1079 698 1132 et
720 1072 796 1132 mala
819 1071 979 1154 silvestria,
1006 1072 1116 1134 rubum
1137 1083 1170 1133 11

58 1175 85 1214 ιο
100 1166 202 1220 antem
229 1161 261 1220 in
290 1162 431 1220 mortario
460 1168 539 1221 teres
568 1168 598 1221 et
626 1159 808 1222 silvestrium
830 1179 987 1240 pomorum
1011 1180 1117 1222 sucum

100 1250 252 1327 exprimes
280 1255 309 1308 et
336 1251 449 1328 pariter
475 1249 615 1310 miscebis
643 1269 678 1311 ac
710 1249 875 1311 lomentum
906 1250 977 1311 inde
1004 1251 1116 1312 iactum

99 1337 230 1398 calidum
240 1337 517 1398 haemorrhoidibus
530 1338 669 1418 adpones.
688 1338 826 1400 Chartam
836 1338 995 1418 diligenter
1007 1358 1115 1401 exures
1135 1350 1168 1399 15

100 1434 132 1487 et
151 1427 283 1487 cinerem
302 1429 366 1489 eius
385 1428 447 1487 sive
466 1427 619 1506 fuliginem
638 1429 748 1489 siccam
767 1428 803 1489 ad
822 1428 964 1490 fluentem
981 1428 1115 1489 haemor-

100 1515 216 1576 rhoidis
239 1533 343 1576 venam
365 1524 426 1576 tarn
449 1515 500 1576 diu
524 1516 664 1598 adpones,
688 1517 782 1577 donec
804 1519 976 1594 stringatur.

58 1619 85 1660 ιε
191 1604 235 1664 Ad
259 1605 341 1685 ticos,
366 1606 418 1684 qui
441 1607 472 1664 in
495 1604 568 1665 locis
593 1604 858 1666 verecundioribus
881 1612 1053 1686 nascuntur,
1077 1603 1114 1665 de
1135 1616 1167 1664 16

100 1691 198 1753 arbita
221 1701 303 1754 rotae
327 1693 432 1772 collige
455 1693 554 1754 calvos
576 1694 690 1772 lapides
713 1712 773 1754 non
795 1693 996 1772 praegrandes
1016 1711 1114 1772 neque

99 1799 209 1860 parvos
232 1789 263 1842 et
284 1801 361 1860 pone
385 1785 417 1843 in
440 1783 518 1863 loco,
547 1790 581 1843 ut
605 1781 681 1843 bene
704 1783 896 1864 candescant,
922 1790 953 1842 et
974 1780 1047 1843 lotio
1069 1785 1113 1842 in·

100 1872 191 1932 lautis
219 1889 271 1932 eos
298 1873 452 1953 extingne3
481 1877 583 1951 postea
616 1871 653 1932 de
681 1873 747 1950 ipso
774 1870 846 1932 lotio
869 1870 967 1932 locum
990 1870 1114 1932 adsidue

99 1959 173 2039 lava,
196 1961 237 2021 ita
260 1968 293 2021 ut
316 1961 489 2040 frequenter
507 1967 605 2021 mutes
628 1967 658 2020 et
676 1959 788 2039 lapides
806 1969 837 2021 et
855 1959 961 2043 lotium
978 1960 1113 2041 inlantis3

58 2065 85 2104 so
99 2056 217 2109 tantum
240 2049 383 2130 proderit,
406 2057 441 2110 ut
464 2052 595 2110 sectione
619 2056 650 2109 et
674 2049 753 2109 ferro
777 2066 853 2127 opus
876 2067 936 2109 non
959 2051 1007 2110 sit.

189 2137 322 2199 Extalem
345 2140 564 2217 prominentem
583 2140 650 2198 vino
669 2138 761 2198 lavari
778 2139 872 2219 prius,
895 2137 1003 2199 deinde
1022 2137 1112 2199 cedro
1133 2148 1166 2198 1⁷

99 2228 172 2305 ungi
196 2235 226 2287 et
247 2226 354 2307 pollice
377 2226 503 2306 propelli
526 2229 690 2288 introrsum
713 2234 840 2306 oportet.

188 2315 246 2375 Ani
268 2317 347 2376 vitiis
371 2315 509 2376 omnibus
532 2315 709 2394 plantaginis
727 2317 810 2377 radix
830 2314 1022 2377 decrescente
1041 2314 1111 2375 luna
1134 2325 1166 2374 18

99 2403 147 2465 die
177 2403 299 2465 Saturni
326 2405 480 2465 occidente
509 2402 570 2465 sole
598 2404 722 2464 collecta
749 2403 795 2464 vel
824 2412 943 2481 sumpta
972 2413 1001 2464 et
1028 2401 1111 2481 pelli-

57 2505 86 2546 25
100 2491 166 2554 cula
189 2492 237 2553 vel
263 2511 360 2572 panno
383 2493 540 2573 phoenicio
564 2491 702 2552 obvoluta
725 2510 759 2552 ac
782 2491 851 2552 licio
873 2491 962 2570 ligata
985 2499 1016 2550 et
1037 2490 1112 2550 lum·

98 2581 146 2642 his
177 2581 360 2643 circumdate
391 2583 533 2643 continuo
561 2581 717 2640 sanitatem
745 2579 917 2658 praestabit.
963 2576 1165 2639 Sertulam1a

97 2671 276 2750 Campanam
304 2689 340 2731 ex
368 2673 435 2732 vino
463 2679 515 2731 aut
541 2687 628 2748 passo
657 2676 772 2729 coctam
798 2670 888 2729 terito
917 2676 947 2728 et
972 2668 1112 2746 adponito

97 2760 134 2820 ad
163 2778 252 2820 anum
280 2777 375 2839 eoque
405 2762 485 2842 vinc,
512 2761 547 2819 in
573 2775 632 2837 quo
657 2758 799 2818 sertulam
822 2759 951 2837 coxeris,
975 2762 1004 2816 et
1027 2757 1111 2834 prins

98 2855 129 2908 et
151 2857 253 2928 postea
277 2866 366 2908 annm
389 2849 495 2930 foveto,
518 2848 657 2908 celeriter
677 2846 807 2906 sanabis.
844 2846 919 2907 Caro
940 2847 990 2906 ani
1008 2863 1111 2924 snper·
1130 2855 1165 2905 20

57 2950 84 2990 ω
99 2955 190 2999 vacua
215 2939 279 2998 sine
303 2936 405 2997 dolore
429 2943 631 3018 consumetur,
655 2938 681 2996 si
704 2953 880 2996 araneorum
904 2934 950 2996 fila
974 2936 1115 3016 adpones,

99 3043 175 3105 quae
198 3027 229 3087 in
253 3027 348 3086 vineis
370 3026 571 3086 inveniuntur.

188 3113 307 3194 Cedria,
331 3131 389 3193 qua
412 3113 525 3174 librarii
549 3120 689 3195 utuntur,
712 3115 738 3173 si
761 3131 850 3173 anum
872 3113 997 3174 ficosum
1020 3120 1050 3173 et
1072 3112 1162 3172 adal

98 3205 263 3264 sectionem
286 3209 469 3282 spectantem
492 3204 667 3282 frequenter
689 3204 756 3263 vino
780 3200 874 3262 calido
893 3203 978 3280 prius
997 3199 1110 3260 elutum

98 3290 220 3370 specillo
243 3294 421 3370 perunxeris
445 3300 533 3370 atque
556 3293 597 3351 ita
617 3292 774 3372 quieveris,
797 3289 973 3350 mirabiliter
991 3305 1111 3349 carnem

188 3433 204 3482 2
231 3425 414 3496 permiscebis
441 3426 609 3495 Stephamas:
640 3425 802 3494 permisces.
903 3431 941 3480 -5
969 3422 1110 3480 auturicio.

99 3504 132 3552 ts
151 3496 374 3554 haemorhoides.
449 3503 481 3552 16
500 3496 753 3553 verecundioribus.
809 3501 842 3550 19
860 3496 933 3551 leva.
988 3494 1111 3566 lapides]

97 3569 141 3624 ita
157 3569 245 3640 pides.
319 3574 354 3623 30
373 3569 506 3639 adpones.
