2609 4017
5 375 19 432 l.

530 188 728 241 ..v-

121 366 182 407 non
197 347 309 405 extant.
341 344 458 403 Desunt
471 344 503 403 in
516 343 617 402 codiee
631 362 657 404 e.
672 361 695 404 o.
710 344 796 403 haec:
815 363 844 420 p.
860 344 953 422 39,31
970 348 997 403 et
1008 347 1140 419 septima,

5 505 18 512 ,
124 447 219 522 55,11
236 444 334 516 rufos,
355 442 449 518 55,32
466 442 574 507 tritam,
595 442 688 517 57,31
705 441 750 499 oel
763 440 931 509 collisiones,
952 443 1046 515 90,33
1063 446 1142 503 oeris

5 571 16 627 l

121 545 181 603 oss
194 541 253 618 RS,
268 540 385 617 146‚16
407 538 592 613 Uooulorum
608 568 646 578 -
664 539 801 615 medetur,
816 540 935 616 267,14
949 540 1031 612 faosi
1042 542 1142 613 oraeei

122 643 193 701 boue
215 639 349 698 mundati
372 640 399 695 et
416 637 466 695 loti
484 638 671 710 quartaroom
694 641 728 703 el,
753 637 870 712 282,33
889 636 996 704 hordei,
1021 637 1139 711 288,32

5 706 13 777 s
123 756 219 811 oquae
245 735 399 795 auelliooe
426 734 541 808 mallos
568 738 626 793 tres
649 738 688 801 et,
716 735 834 811 290‚25
859 751 895 794 ee
916 735 997 802 otoo,
1022 737 1140 812 306‚24

5 886 7 921 ζ
122 836 266 909 sooopooi
295 826 407 909 XIIII,
439 832 565 906 pssumis
596 829 706 908 ΧΠΠ,
743 834 909 892 orlendius
940 835 1003 893 suoi
1033 832 1141 891 XIIII.

123 932 256 991 Exhibet
269 930 370 1006 codex,
389 947 457 989 oum
475 928 508 987 in
522 926 660 987 (lornarii
673 928 803 989 editione
817 928 1034 1006 desiderentur,
1052 930 1141 989 hseo:

123 1049 153 1105 p.
170 1030 264 1103 265,3
280 1029 399 1087 seminis
415 1026 491 1101 -Ι,
503 1027 673 1100 petroselini
686 1027 870 1087 Mooedooioi
886 1027 959 1101 -Ι,
977 1047 1006 1104 p.
1022 1028 1139 1101 300,26

123 1124 231 1185 Seilloe
258 1126 341 1185 albae
372 1142 467 1201 usque
501 1122 539 1181 ud
565 1143 594 1200 p.
615 1126 732 1201 303,17
766 1126 801 1186 de
826 1125 970 1185 stomacho
999 1129 1141 1199 corrupto.

125 1222 209 1293 Quae
232 1242 298 1281 oum
321 1222 366 1281 its
389 1222 459 1300 sint,
482 1220 636 1281 exordium
661 1222 768 1297 ospitis
791 1220 938 1281 XXVIIH
959 1221 991 1281 in
1010 1222 1141 1282 editione

124 1319 260 1396 principe
292 1319 375 1378 eliud
403 1320 450 1378 est
482 1321 573 1394 etque
606 1317 638 1377 in
666 1320 775 1380 oodioe.
820 1318 877 1379 His
910 1318 1008 1380 oensis
1040 1323 1141 1379 motus

126 1415 304 1477 somarium
327 1417 387 1475 alio
416 1415 516 1475 oodioe
539 1434 627 1475 usum
656 1436 723 1477 esse
746 1416 899 1490 existimo,
927 1416 980 1475 sed
1007 1434 1067 1476 non
1089 1434 1142 1475 ns·

124 1513 261 1591 gaverim
283 1514 371 1574 illum
393 1512 586 1574 Leudunensi
609 1514 688 1575 libro
710 1514 803 1575 fuisse
827 1513 1022 1574 simillimum.

195 1610 332 1671 (lornarii
361 1614 479 1671 textum
508 1616 685 1687 receperunt
714 1612 828 1671 Aldus
860 1604 987 1693 (Medici
1017 1611 1141 1687 antiqui.

15 1783 18 1792 Ι
125 1708 233 1769 Venet.
263 1702 365 1788 1547)
398 1712 429 1768 et
462 1707 669 1784 Stephanus
703 1701 851 1790 (Medicas
884 1709 959 1768 sitis
991 1708 1141 1785 prinsipes

129 1798 237 1887 1567).

194 1946 305 2023 Scripsi
327 1946 485 2026 Augustae
509 1948 733 2009 Vindelicorum

251 2063 354 2105 mense
377 2044 546 2122 Septembri
571 2047 665 2106 1889.
