2609 4017
568 130 788 193 ...10-

173 296 257 376 facit3
276 296 408 355 nascitur
424 293 512 352 etiam
526 291 594 353 bilis
609 293 693 353 acida
707 300 737 353 et
751 310 858 373 amara,
875 311 951 371 quae
965 292 1077 353 dicitur
1091 301 1187 353 mater

173 382 355 445 morborum.
387 380 460 441 Bilis
475 382 554 441 enim
569 390 709 463 cumest,
723 384 853 443 eoncitat
867 380 989 442 calores.
1022 381 1064 441 lle
1079 383 1188 461 pituita

172 474 327 553 perfrictio
351 472 496 550 nascitur,
525 488 600 549 quae
624 470 695 531 facit
719 470 850 531 dolorem
873 472 1098 552 intestinorum,
1126 477 1211 531 tor·‘

173 564 272 622 siones
287 562 375 620 etiam
390 559 640 641 inflationemque,
658 578 733 640 quae
748 577 858 638 corpus
872 567 1021 620 extenuat.
1060 559 1188 639 Sanguis

173 660 272 711 autem
295 669 311 710 a
334 650 425 709 nimio
449 648 516 709 cibo
540 650 689 728 nimiaque
713 650 834 729 potione
856 650 963 728 incipit
985 647 1137 709 abundare
1157 655 1188 709 et
1217 664 1231 705 a

173 738 319 800 cruditate
349 739 564 816 conrumpitur.
606 736 664 808 Qui
692 756 761 799 cum
784 745 924 816 evagatur
952 744 1035 798 extra
1063 755 1189 798 cursum

173 836 304 908 naturae,
326 826 418 887 infert
440 826 537 905 aliqua
556 828 676 906 corpori
695 829 772 907 vitia,
792 834 822 887 et
839 829 872 887 in
891 844 1077 905 quacumque
1100 833 1188 905 parte

173 924 338 995 conruptus
356 915 501 997 incubuit,
520 916 623 993 fatigat
641 923 672 976 et
690 916 788 977 laedit.
825 914 899 975 Nam
917 917 1038 993 sanguis
1057 918 1188 975 animam

173 1023 291 1085 quoque
315 1007 399 1065 vitiat
422 1013 452 1065 et
474 1003 543 1064 inde
563 1022 595 1064 os
615 1004 744 1065 bominis
762 1006 868 1083 incipit
892 1004 994 1064 letere.
1041 1004 1115 1065 (lum
1139 1012 1188 1065 est

172 1113 243 1173 ergo
257 1097 374 1172 integer
389 1095 517 1173 sanguia,
536 1095 664 1153 animam
679 1096 743 1153 sine
758 1092 848 1154 dnbio
863 1094 1027 1175 confirmat,
1043 1102 1077 1153 ut
1090 1095 1188 1171 possit
1203 1110 1229 1150 ιο
1281 1127 1282 1130 =

172 1184 266 1263 frigus
286 1184 473 1261 caloremque
492 1181 600 1242 fortius
620 1184 778 1244 sustinere.
810 1183 848 1242 At
867 1201 936 1242 eum
955 1181 1085 1243 abundat
1104 1200 1188 1242 cum·

172 1290 230 1350 que
253 1271 350 1332 calore
374 1274 487 1332 animae
510 1273 733 1351 conrumpitur,
756 1272 790 1331 iit
813 1274 926 1351 sanies;
955 1278 1020 1331 tum
1043 1278 1073 1331 et
1096 1269 1189 1331 bilem

172 1370 265 1421 atram
289 1359 450 1422 concitabit
473 1367 503 1419 et
526 1359 655 1420 calorem
678 1359 829 1420 interdum
848 1378 882 1420 ac
901 1359 995 1439 frigus
1014 1360 1103 1420 faciet
1122 1378 1188 1420 eor·

171 1452 296 1528 porique
320 1452 459 1509 universo
483 1448 656 1527 languorem
678 1451 852 1527 animaeque
870 1447 980 1509 malum
999 1448 1120 1509 odorem
1139 1448 1188 1508 vel

135 1544 153 1592 4
172 1537 334 1599 anhelitum
357 1538 453 1598 faciet.
490 1536 554 1607 Quo
579 1537 695 1598 facilius
714 1540 807 1616 igitur
826 1537 989 1598 commodis
1007 1536 1187 1598 valetudinis
1202 1552 1229 1594 15

171 1627 307 1688 fruamur
328 1634 358 1688 et
382 1626 569 1687 incommoda
592 1628 732 1707 vitemus,
756 1628 954 1705 prognostica,
978 1625 1008 1686 id
1032 1633 1078 1686 est
1101 1644 1186 1704 prae-

171 1718 323 1777 currentia
345 1717 424 1799 vitia,
444 1717 537 1793 signis
561 1714 747 1776 naturalibus
770 1732 984 1793 cognoscamus
1007 1716 1186 1793 cognitaque

171 1804 371 1885 emendemus
385 1822 423 1864 ne
437 1804 591 1864 mortifera
605 1804 685 1863 liant.
718 1801 865 1873 Quattuor
878 1805 971 1881 igitur
985 1803 1186 1881 disponuntur

171 1893 305 1970 eorporis
324 1899 434 1972 partes,
452 1893 539 1952 cuius
558 1894 642 1971 origo
661 1894 692 1951 in
711 1894 808 1969 capite
824 1898 870 1951 est
884 1898 914 1951 et
929 1891 1057 1972 thorace,
1077 1891 1185 1952 deinde

171 1987 275 2040 venter
298 1980 435 2059 sequitur
459 1987 490 2040 et
513 1982 618 2042 vesica.
655 1979 699 2040 lta
723 1997 793 2057 ergo
816 1980 951 2040 locorum
974 1982 1100 2041 istorum
1124 1982 1183 2041 sin·
1199 1996 1225 2037 ao

136 2076 151 2125 5
171 2087 254 2129 ceras
277 2078 362 2130 notas
387 2087 609 2147 cognoscemus.
654 2068 791 2129 Hominis
814 2071 878 2129 sani
901 2071 987 2130 urina
1011 2088 1096 2131 mane
1119 2069 1185 2130 alba

171 2161 236 2239 erit,
254 2165 322 2219 ante
341 2158 500 2237 prandium
519 2158 593 2234 rufa,
617 2160 718 2237 pransi
740 2176 849 2219 rursus
869 2158 1002 2240 candida,
1025 2160 1097 2219 item
1115 2167 1184 2219 ante

170 2264 274 2307 cenam
296 2266 409 2307 russea.
445 2246 506 2307 Nee
530 2264 584 2325 ego
608 2254 708 2307 tamen
729 2249 939 2308 necessitatem
956 2247 1123 2325 prandendi
1140 2250 1185 2308 in·
1281 2247 1282 2322 l

170 2338 264 2416 posui,
283 2336 335 2395 sed
354 2338 447 2413 magis
466 2338 582 2397 urinam
598 2345 628 2396 et
642 2343 777 2416 tempora
790 2335 935 2396 naturalia
948 2335 1074 2396 ostendi.
1111 2334 1184 2397 Gan·
1281 2333 1282 2344 ’

170 2421 237 2483 dida
262 2425 340 2484 enim
363 2425 451 2483 urina
474 2424 563 2485 debet
587 2442 666 2505 esse,
694 2424 747 2485 ubi
770 2424 902 2484 cruditas
925 2441 986 2483 non
1010 2432 1068 2502 est,
1097 2442 1183 2483 mane
1198 2438 1224 2481 aa

171 2513 271 2591 quieto
295 2530 430 2593 corpore,
455 2511 561 2573 deinde
585 2522 684 2574 motus
707 2515 771 2591 ipse
794 2520 824 2573 et
842 2511 1041 2572 deambulatio
1066 2514 1184 2572 urinam

169 2600 271 2661 turbat
305 2604 473 2681 excitatque
506 2603 634 2662 vesicam
667 2601 795 2680 ideoque
823 2600 983 2661 coloratior
1010 2602 1050 2661 lit.
1097 2600 1184 2671 Quod

170 2692 196 2749 si
219 2708 304 2750 mane
329 2693 414 2750 urina
438 2693 597 2750 mutaverit
620 2689 759 2768 colorem,
782 2689 912 2749 ostendit
935 2687 1059 2749 subesse
1078 2691 1183 2751 vitium

135 2785 150 2833 6
170 2779 361 2858 infirmitatis,
381 2777 459 2857 quod
477 2785 576 2837 tamen
590 2778 720 2856 propriis
734 2776 853 2837 indiciis
867 2775 1075 2856 intellegimus.
1108 2777 1183 2839 Cum

170 2867 249 2925 enim
268 2884 285 2926 a
304 2867 400 2946 eapite
419 2864 542 2926 morbus
562 2866 667 2946 oritur,
687 2864 762 2925 solet
778 2867 883 2942 eapitis
901 2864 986 2925 dolor
1005 2884 1181 2949 conparere,
1196 2883 1223 2923 so
1281 2855 1282 2862 '

169 2961 242 3014 tune
261 2963 291 3015 et
310 2954 468 3033 supercilia
487 2961 654 3033 gravantur,
674 2961 808 3032 tempora
827 2953 944 3034 saliunt,
963 2972 1051 3015 aures
1068 2963 1183 3036 sonant,

170 3042 250 3102 oculi
269 3042 431 3122 lacrimant,
450 3060 539 3103 nares
559 3042 689 3122 repletae
709 3042 830 3103 odorem
849 3061 909 3104 non
929 3045 1070 3105 sentiunt.
1107 3043 1182 3105 Cum

170 3150 206 3191 ex
230 3130 276 3191 his
300 3149 371 3209 ergo
395 3130 505 3210 aliquid
529 3132 645 3213 accidit,
669 3140 758 3212 caput
780 3135 902 3211 purgari
925 3139 1043 3212 oportet
1063 3133 1118 3193 bac
1137 3151 1182 3194 ra·

170 3221 259 3280 tione.
297 3217 409 3298 llysopi
436 3228 487 3281 aut
514 3220 629 3281 cunilae
657 3220 784 3282 bubulae
813 3221 987 3283 fasciculum
1015 3240 1084 3283 erim
1106 3240 1183 3302 aqua
1281 3188 1283 3278 l

241 3360 257 3407 3
276 3352 427 3425 torsiones]
447 3354 538 3409 tortor
555 3357 597 3411 oei
614 3358 714 3411 tortus.
774 3362 789 3410 6
805 3360 940 3425 evagatur
953 3359 1066 3428 scripsi:
1084 3374 1182 3413 eraca-

168 3424 215 3479 tur
237 3426 294 3480 eod.
319 3429 470 3479 evacuatur
490 3425 648 3483 Carnarius.
741 3432 773 3481 12
796 3426 890 3482 anima
908 3435 968 3485 tm.
1056 3434 1088 3483 15
1106 3429 1182 3483 rale-

169 3494 275 3550 tudinis
294 3499 311 3550 1
317 3512 344 3551 m
362 3494 527 3551 valitudinis
546 3502 605 3554 2m.
679 3503 713 3552 30
733 3500 905 3570 comparere]
924 3502 1091 3569 temperare.

127 3586 175 3599 *-
