2609 4017
493 148 732 214 -135-

100 313 128 371 si
150 329 240 391 aqna,
268 313 381 390 inqua
405 317 489 372 cocta
513 311 636 392 fuerint,
665 311 867 390 gargarizatur
892 318 944 373 ant
966 331 999 372 os
1023 331 1059 373 ex
1082 332 1116 375 ea

99 398 258 461 colluatur.
297 398 376 460 Haec
400 402 496 460 omnia
520 407 647 479 prosunt
670 402 758 462 etiam
783 401 920 478 anginam
938 400 1117 463 habentibus

99 496 131 548 et
148 495 250 549 cetera
269 489 339 550 vitia
356 489 389 548 in
406 507 459 548 ore
478 496 545 552 nata
563 489 724 551 efficaciter
738 497 852 550 curant.
883 489 948 550 Non
962 490 1116 551 desinente
1135 504 1170 553 aa

98 577 232 638 lancium
262 586 378 638 tumore
405 585 533 657 prosunt
557 596 618 638 non
641 578 738 640 solum
762 579 892 638 tomenta
913 578 1044 640 molliter
1067 580 1116 640 ad·

46 680 67 722 5
97 665 195 726 hibita
224 666 360 736 faucibus
388 675 476 745 atque
504 669 623 727 arteriis
647 685 703 747 per
726 667 856 745 slongias
879 686 972 746 aquae
996 667 1117 749 calidae,

98 755 154 815 sed
177 757 269 815 ctiam
293 754 500 833 cataplasmata
523 755 569 816 rel
593 757 722 826 fomenta
742 755 779 815 de
797 755 909 816 larinis.
950 756 1053 836 ltaque
1073 759 1116 817 in-

97 845 172 924 poni
191 842 343 922 oportebit
360 843 456 904 isdem
474 843 610 922 partibus
629 845 753 905 farinam
772 843 967 906 hordeaceam
987 864 1022 906 ex
1040 864 1116 926 aqna

96 950 176 1011 pura
196 932 243 992 rel
262 931 355 993 mulsa
374 940 489 994 coctam
511 933 558 994 vel
583 932 637 994 lini
661 934 782 994 seminis
806 933 929 995 farinam
947 933 995 994 vel
1018 934 1117 995 laeno-

96 1023 203 1100 graeci
220 1021 345 1081 farinam
365 1022 502 1082 similiter
520 1031 643 1083 coctam.
677 1021 736 1082 Sed
754 1023 878 1082 mirifice
897 1031 1024 1101 prosunt
1042 1023 1117 1102 pulli

49 1125 82 1165 ao
96 1110 290 1170 hirundinini
312 1112 438 1188 pingues
461 1110 540 1171 saliti
557 1110 603 1171 vel
625 1117 763 1172 recentes
780 1113 842 1171 assi
859 1113 890 1172 in
909 1110 977 1172 cibo
996 1115 1115 1190 sumpti.

96 1198 243 1259 Protinus
264 1201 343 1258 enim
363 1216 481 1260 omnem
498 1201 750 1279 praefocationem
769 1209 799 1261 et
816 1208 966 1261 tumorem
985 1200 1117 1262 lancium

97 1286 217 1348 tollunt.
255 1286 363 1347 Verum
387 1290 412 1348 si
436 1307 602 1368 suppurare
627 1289 728 1349 lauces
752 1287 941 1370 videbuntur,
965 1289 1115 1369 oportebit

96 1378 221 1456 saepius
235 1375 413 1455 gargalizare
428 1395 534 1456 aquam
548 1395 618 1438 cum
631 1378 696 1438 licis
712 1377 802 1438 aridis
817 1389 930 1438 coctam
945 1379 991 1439 vel
1009 1397 1115 1458 aquam

95 1465 227 1526 mulsam
246 1483 314 1525 cum
333 1468 622 1544 suprascriptorum
643 1466 832 1528 admixtione.
864 1466 949 1537 Quod
969 1469 995 1528 si
1013 1475 1115 1529 tantus

52 1570 83 1610 rs
96 1555 192 1614 luerit
220 1560 332 1632 tumor,
360 1561 395 1614 ut
422 1556 509 1615 etiam
538 1555 704 1633 praefocari
727 1564 778 1616 ant
805 1554 984 1634 strangulari
1014 1556 1115 1616 fauces

96 1644 272 1722 videantur,
300 1642 397 1703 alvum
425 1642 602 1704 subtrahere
630 1643 769 1723 clysterio
798 1643 948 1722 oportebit
975 1652 1027 1704 aut
1050 1662 1115 1704 san·

96 1734 221 1810 guinem
249 1733 385 1797 emittere
414 1731 450 1793 de
480 1731 602 1793 brachio
626 1733 673 1793 vel
701 1731 757 1792 sub
780 1731 881 1810 lingua
903 1750 1006 1792 vonam
1030 1751 1114 1811 prae·

97 1820 210 1881 cidere.
240 1819 406 1900 Thymbrae
425 1839 462 1881 ex
480 1839 555 1900 aqua
574 1829 676 1882 coetae
695 1821 741 1880 vel
760 1822 836 1881 aceti
855 1839 944 1900 vapor
958 1839 1013 1900 per
1026 1839 1114 1881 arun·
1134 1830 1170 1880 4ο

97 1909 200 1969 dinem
229 1927 281 1969 ore
309 1918 449 1988 receptus
476 1910 601 1988 prodest
628 1910 663 1971 ad
689 1919 822 1970 tumores
846 1911 907 1969 oris
931 1918 961 1970 et
983 1911 1114 1988 gutturis

55 2013 83 2054 so
98 2005 129 2059 et
153 1997 293 2059 lancium.
326 1997 489 2077 Origanum
511 2001 615 2060 tritum
639 2017 708 2060 cum
727 1997 814 2059 melle
832 2000 994 2080 inpositum
1014 1999 1114 2060 ulcera
1133 2008 1168 2057 41

98 2089 163 2147 oris
185 2095 294 2166 purgat
316 2105 372 2147 nec
394 2089 507 2166 patitur
530 2106 564 2148 ea
587 2087 705 2166 longius
733 2106 868 2169 serpere;
901 2097 1020 2149 coctum
1044 2107 1114 2149 vero

99 2194 169 2236 cum
198 2194 275 2254 aqua
302 2185 333 2237 et
360 2177 441 2236 arida
465 2177 524 2237 lieu
547 2185 637 2255 atque
661 2176 784 2237 adsidue
807 2177 1016 2256 gargalizatnm
1044 2178 1115 2238 lacit

98 2273 130 2325 et
155 2264 189 2325 ad
214 2263 271 2324 alia
294 2266 372 2344 vitia,
396 2264 426 2324 id
450 2274 496 2325 est
519 2265 554 2325 ad
579 2267 716 2344 anginam
739 2275 770 2327 et
792 2265 922 2344 lingnam
946 2267 1114 2346 sideramus,

100 2353 179 2432 qnod
204 2371 299 2431 genus
321 2352 420 2414 morbi
442 2353 548 2414 Graeci
570 2353 718 2434 paralysin
742 2363 856 2415 vocant.
894 2354 1114 2415 Sorbitionibus
1132 2361 1168 2411 42

57 2456 84 2497 2⁵
99 2444 146 2502 uti
168 2440 318 2521 oportebit
341 2460 406 2523 eos,
431 2445 483 2521 qtri
506 2442 543 2502 de
565 2461 622 2503 uva
645 2451 676 2503 et
699 2443 834 2503 lancibus
858 2441 1005 2525 laborant,
1028 2444 1114 2508 lactis

100 2549 135 2591 ex
160 2529 272 2611 amulo,
299 2533 407 2611 tisana,
437 2549 536 2610 oryza,
565 2530 652 2613 aliea,
678 2531 772 2591 farina
796 2533 925 2610 triticea,
951 2530 1017 2591 faba
1041 2531 1114 2611 alba,
1148 2541 1151 2543 ’

99 2621 197 2680 urtica
224 2628 326 2680 tenera
355 2638 424 2680 cum
451 2619 526 2680 lacte
554 2619 689 2698 decocta3
719 2619 825 2678 deinde
854 2637 922 2680 cnm
950 2637 986 2678 ex
1017 2619 1115 2698 aliqua

98 2717 185 2787 parte
207 2708 331 2769 relevati
353 2709 474 2790 luerint,
497 2715 561 2769 tum
584 2711 631 2770 uti
653 2709 717 2768 ovis
741 2707 901 2768 sorbilibus
925 2706 1042 2768 dehent.

189 2796 234 2857 ld
261 2815 334 2858 uvas
361 2797 484 2858 callosas
513 2805 543 2858 ct
569 2799 696 2858 nimium
719 2804 869 2858 tumentes
892 2797 1017 2858 mirifica
1040 2796 1113 2858 haec
1132 2806 1168 2855 43

59 2899 85 2940 ac
100 2887 276 2964 compositio
304 2893 363 2967 est,
391 2886 461 2946 iacit
489 2895 519 2947 et
546 2885 581 2945 ad
610 2896 710 2946 cetera
737 2886 868 2946 faucium
897 2893 926 2947 et
949 2887 1010 2946 oris
1034 2888 1113 2968 vitia,

100 2986 146 3035 est
168 2981 268 3035 antem
291 2974 380 3037 haec:
416 2966 502 3035 Aeris
525 2974 609 3035 lloris
631 2974 716 3057 llll,
740 2951 905 3039 chalcitidis
928 2973 1014 3056 llll,
1037 2978 1114 3055 picis

99 3063 229 3143 liquidae
257 3063 404 3142 cyathum.
450 3063 596 3143 Coqnitnr
622 3066 687 3142 pix,
717 3063 811 3124 donec
841 3067 956 3126 amittat
983 3065 1115 3147 odorem,

99 3151 208 3213 deinde
231 3152 402 3213 adiciuntur
424 3155 453 3213 ei
475 3153 571 3213 mellis
593 3152 691 3230 cyathi
715 3170 765 3212 sex
790 3161 879 3233 atque
902 3155 1011 3214 iterum
1033 3163 1113 3214 utra·

99 3259 158 3320 que
190 3242 283 3301 mixta
314 3240 532 3322 infervescunt3
565 3249 633 3321 post
666 3240 722 3302 hoc
753 3241 880 3303 adicitur
907 3243 969 3302 vini
996 3242 1114 3303 Aminei

172 3377 381 3431 tordeaosnm.
464 3377 626 3432 anlsam.
711 3383 744 3431 10
763 3375 929 3431 arundinini.
1016 3375 1112 3434 salliti.

99 3453 134 3573 gg
153 3447 273 3586 andagium
290 3447 348 3503 alin
365 3464 415 3504 om.
480 3454 515 3502 24
532 3448 676 3518 paraclisin.
741 3454 775 3503 26
795 3448 876 3502 oriza.
945 3452 979 3502 32
999 3445 1114 3506 clatum.
