2609 4017
116 414 122 429 ,
191 362 354 439 inpositum
381 361 574 440 inpetigines,
603 376 677 437 quas
705 357 812 418 Graeci
838 359 934 437 agrias
958 366 1077 438 vocant,
1106 369 1210 438 poten·

140 461 174 510 14
192 451 306 512 tissime
330 457 422 510 sauat.
463 446 658 521 Formiculas,
682 464 757 526 quae
780 445 982 508 Herculaneae
1006 449 1210 527 nominantur,

191 540 335 600 contritas
359 536 475 599 modico
499 536 559 597 sale
583 535 699 597 adiecto
722 537 878 615 impetigini
900 535 1025 616 adpone,
1052 535 1209 596 miraberis

190 626 369 708 remedium3
392 643 460 686 nam
484 624 623 686 celeriter
646 632 820 704 expurgant
1291 625 1292 628 ’

138 728 171 777 15
278 714 470 794 Impetigines
489 722 520 774 et
537 714 636 793 lepras
654 713 728 774 baec
747 715 913 792 conpositio
931 713 1140 792 potentissime
1160 731 1235 774 err-a

190 805 294 883 tirpat:
318 803 407 864 Turis
421 801 556 884 masculi,
570 804 651 884 uitri,
667 804 783 881 argenti
798 819 928 882 spumae,
944 800 1099 881 sulphuris
1114 819 1207 882 aequa
1292 846 1293 921 ,

190 891 322 972 pondera
351 910 419 953 cum
447 900 531 952 aceto
559 893 622 952 acri
649 899 791 960 teruntur
818 898 849 951 et
875 890 998 970 pinnula
1020 893 1207 970 inponuntur
1292 925 1293 942 1

190 981 394 1060 siccatumque
417 979 602 1042 medicamen
625 979 737 1041 eluitur
765 987 796 1040 et
822 998 943 1040 rursum
968 979 1108 1041 inlinitur
1130 979 1206 1040 adsi·

138 1083 171 1133 16
190 1069 248 1130 due
271 1069 386 1131 elutum
409 1078 498 1148 atque
522 1071 675 1131 siccatum.
711 1068 744 1130 Si
766 1067 873 1149 locum,
897 1071 986 1146 quem
1004 1070 1139 1147 inpetigo
1158 1068 1205 1129 ad-

189 1157 274 1239 ludit,
297 1177 370 1220 auro
389 1157 628 1239 circumscribas,
648 1164 752 1237 postea
771 1175 840 1218 eum
858 1159 978 1218 omnino
997 1175 1058 1218 uon
1077 1157 1207 1236 adpetet.
1220 1175 1247 1214 ιο

138 1261 170 1309 17
190 1246 284 1328 Loco,
313 1265 403 1326 quem
429 1256 582 1326 mentagra
605 1245 770 1326 obsederit,
799 1247 903 1307 fimum
925 1247 1077 1307 murinum
1101 1248 1207 1307 tritum

191 1352 227 1395 ex
250 1344 334 1396 aceto
357 1343 476 1416 oportet
498 1337 603 1415 inponi
620 1334 668 1397 vel
689 1333 823 1396 eiusdem
842 1336 936 1395 muris
955 1336 1055 1396 exusti
1072 1335 1207 1396 cinerem
1293 1333 1294 1352 ¹

189 1441 258 1485 cum
281 1424 347 1485 oleo
370 1425 479 1504 adponi
502 1423 621 1486 salubre
644 1432 699 1485 est

138 1527 170 1576 18
278 1513 443 1575 Adversum
455 1513 689 1595 elephantiasim,
703 1512 783 1593 quod
793 1512 901 1574 malum
913 1512 1090 1592 plerumque
1103 1512 1207 1574 alacie

189 1604 361 1681 auspicatur
383 1604 573 1682 primumque
597 1604 695 1663 oritur
719 1603 804 1681 quasi
827 1600 976 1663 lenticulis
997 1603 1087 1662 variis
1111 1610 1141 1662 et
1161 1603 1205 1662 ln·
1222 1617 1247 1658 is

188 1690 361 1770 aequalibus
376 1700 445 1753 cute
462 1691 527 1753 alba
541 1690 613 1752 alibi
630 1709 740 1771 crassa,
759 1689 830 1751 alibi
847 1692 940 1768 tenui,
958 1689 1111 1770 plerisque
1131 1690 1207 1751 locis

189 1779 263 1840 dura
287 1788 317 1841 et
341 1783 426 1860 quasi
448 1779 567 1841 scabida
591 1788 622 1841 et
644 1780 681 1840 ad
705 1788 890 1859 postremum
913 1781 957 1839 sic
984 1781 1140 1857 increscit,
1173 1788 1207 1840 ut
1294 1781 1295 1810 ³

188 1867 307 1928 ossibus
331 1886 400 1929 earo
423 1868 565 1930 adstricta
590 1867 825 1930 tumescentibus
846 1869 976 1947 primum
995 1867 1096 1946 digitis
1115 1875 1205 1947 atque

188 1955 323 2017 articulis
345 1957 524 2018 indurescat.
561 1955 616 2018 llic
641 1956 764 2018 morbus
782 1956 973 2037 peculiariter
991 1956 1206 2036 Aegyptiorum

188 2043 307 2123 populis
325 2052 415 2105 notus
434 2053 481 2105 est
498 2063 554 2106 nec
569 2045 667 2106 solum
680 2049 711 2106 in
726 2045 833 2125 vulgus
847 2053 1023 2128 extremum,
1042 2044 1096 2106 sed
1114 2048 1206 2106 etiam
1220 2061 1248 2102 ao

187 2132 221 2191 in
248 2149 335 2210 reges
363 2135 444 2211 ipsos
472 2133 645 2213 frequenter
675 2136 810 2214 inrepsit
856 2132 940 2194 Unde
971 2133 1114 2195 adversus
1146 2134 1206 2196 boc
1295 2143 1296 2180 1

187 2219 298 2280 malum
317 2220 390 2281 solia
407 2223 482 2301 ipsis
500 2224 532 2282 in
550 2221 657 2283 balneo
676 2223 790 2303 repleta
809 2223 937 2284 humano
957 2226 1101 2301 sanguine
1120 2240 1205 2302 para-

187 2307 305 2369 bantur.
337 2308 480 2372 Mustelae
499 2312 592 2391 igitur
610 2321 732 2373 exustae
752 2314 827 2373 cinis
847 2319 877 2372 et
891 2311 1025 2374 eiusdem
1041 2310 1155 2391 beluae,
1174 2310 1206 2372 id

188 2403 235 2458 est
258 2397 432 2482 elephantis,
456 2401 577 2479 sanguis
600 2403 743 2462 inmixtus
767 2410 796 2462 et
819 2400 923 2462 inlitus
946 2400 1117 2461 huiusmodi
1136 2418 1205 2460 cor-

136 2486 311 2565 leporibus
335 2487 479 2550 medetur.
520 2488 638 2550 Nitrum
666 2491 829 2551 enutritum
852 2497 882 2550 et
905 2507 941 2550 ex
963 2487 1050 2549 melle
1074 2496 1105 2549 et
1127 2488 1250 2550 lacteas

134 2589 169 2639 2ο
188 2574 300 2638 bubulo
327 2579 489 2658 inpositum
521 2577 732 2657 elephantiosis
765 2577 896 2657 prodest.
942 2576 1037 2638 Radix
1069 2580 1205 2657 asparagi

188 2663 308 2727 decocta
331 2669 361 2726 in
386 2675 469 2727 aceto
493 2675 523 2727 et
546 2669 615 2727 trita
638 2665 851 2746 elephantiosis
877 2664 1093 2727 rationabiliter
1119 2667 1204 2745 inpo-

133 2755 277 2817 21nitur.
315 2753 469 2816 blentastri
492 2755 561 2816 folia
585 2755 829 2817 commanducata
852 2753 898 2815 vel
921 2757 1049 2816 coutrita
1069 2754 1205 2834 adposita

187 2840 398 2919 elephantiosis
424 2842 596 2924 medentur,
624 2845 715 2906 cedro
744 2862 863 2924 quoquc
891 2843 974 2905 tabes
1001 2843 1051 2904 illa
1079 2843 1204 2905 adsidue

186 2938 331 3006 peruncta
355 2939 485 2991 sanatur.
1220 2947 1249 2988 ³⁰

132 3029 167 3081 22
274 3015 327 3078 Fel
351 3020 487 3080 ursinum
509 3019 643 3099 leprosos
666 3021 823 3083 admodum
848 3029 946 3103 sanat,
970 3021 996 3081 si
1020 3039 1055 3080 eo
1079 3019 1205 3081 adsidue

186 3104 386 3188 perliuautur3
410 3107 500 3186 adeps
524 3127 642 3189 quoque
667 3112 732 3171 eius
755 3110 862 3171 livores
886 3118 916 3171 et
938 3108 1068 3170 maculas
1089 3110 1204 3171 eximit.

133 3207 167 3257 23
186 3193 254 3274 Λρίἰ
272 3212 375 3256 semen
393 3203 424 3256 et
442 3196 543 3257 anethi
561 3206 699 3259 conteres
719 3206 749 3259 et
768 3218 836 3260 eum
851 3199 937 3260 melle
952 3197 1092 3258 miscebis
1111 3207 1205 3277 atque

132 3295 168 3345 24
186 3283 257 3344 inde
284 3283 490 3345 malandriosis
518 3295 662 3364 quantum
689 3288 818 3350 sufficiat
841 3288 979 3368 adpones.
1025 3286 1109 3347 lnula
1133 3304 1205 3347 con-

187 3374 257 3433 trita
280 3374 469 3452 inpositaque
491 3376 589 3453 primo
613 3376 733 3454 quidem
752 3376 943 3456 exulcerabit,
966 3375 1075 3437 deinde
1094 3394 1206 3454 expur-
1222 3391 1252 3433 ss

186 3468 251 3538 gata
280 3464 359 3522 omni
387 3461 469 3541 lepra
498 3462 676 3542 detersaque
704 3467 785 3543 putri
814 3474 843 3526 et
870 3464 969 3525 tabida
998 3471 1067 3525 cute
1095 3481 1207 3526 novam

111 3547 372 3654 Amilemque
391 3557 492 3611 cetero
511 3553 630 3630 corpori
649 3551 754 3612 reddet
772 3571 827 3613 nec
847 3555 1003 3614 cicatrices
1018 3553 1119 3613 foedas
1134 3570 1205 3614 esse
