2609 4017
479 205 697 269 ..77-

68 377 212 429 mentum
242 370 436 448 sutoricium,
469 369 571 447 aequis
605 370 754 428 mensuris
780 370 838 428 ista
869 370 1032 447 coniungas
1062 377 1096 428 et

71 458 168 519 addes
201 457 250 517 bis
279 475 366 536 sapae
394 456 543 519 modicum
572 464 601 517 et
629 458 706 517 aceti
738 464 881 535 quantum
910 458 1038 518 sufficiat
1065 463 1095 517 et

73 547 229 625 decoques
258 545 303 621 ad
323 546 547 625 spissitudinem
575 545 671 606 mellis
698 544 805 625 liquidi
833 553 922 626 atque
954 547 995 607 ita
1024 564 1094 607 ocu·

72 634 119 696 los
147 636 221 695 inde
250 634 430 717 superlines,
458 643 492 697 ut
520 633 669 695 modicum
697 634 881 715 ingrediatur
909 653 961 695 eos
988 642 1018 695 et
1044 635 1095 695 de-

45 724 253 804 elacriment,
282 725 424 785 continuo
452 723 643 784 sanabuntur.
691 722 739 783 Ad
772 723 921 785 vulnera
952 723 1094 785 ulcera-

74 832 145 893 que
178 822 213 874 et
241 814 436 874 cicatrices
469 823 574 892 atque
608 811 850 874 carbunculos
883 822 1094 893 crustasque

75 901 267 962 oculorum
296 909 329 963 et
362 902 587 982 glaucomata
616 908 723 981 atque
754 900 946 980 albugines
973 902 1093 963 deter-

75 991 215 1070 gendas
238 1001 272 1052 et
294 990 486 1070 palpebras
509 990 776 1069 componendas
800 989 950 1071 collyria
978 998 1013 1052 et
1040 1008 1094 1051 re·

76 1080 196 1140 media
234 1080 275 1141 de
313 1081 574 1158 experimentis
611 1077 760 1159 physica
793 1087 830 1141 et
862 1078 1095 1141 rationabilia

37 1190 63 1227 1o
78 1168 234 1230 diversa.
271 1169 316 1229 Ad
336 1168 454 1230 sordida
478 1167 578 1229 ulcera
601 1168 757 1230 oculorum
781 1177 956 1249 crustasque
979 1168 1148 1233 haben-116

77 1261 132 1337 tia,
159 1276 233 1337 quas
256 1258 365 1319 medici
387 1257 527 1320 escharas
550 1263 669 1338 vocant,
692 1266 722 1319 et
745 1257 781 1319 ad
804 1257 1001 1320 carbunculos
1026 1276 1096 1319 ocu·

76 1345 191 1427 lorum,
221 1365 295 1425 quos
323 1346 478 1408 anthracas
502 1346 619 1427 dicunt,
647 1346 719 1408 lacit
745 1346 821 1408 bene
850 1357 880 1409 et
904 1366 1014 1427 perse
1037 1345 1096 1407 mel

78 1436 214 1497 Atticum
237 1453 346 1515 purum
370 1436 477 1517 pyxide
502 1454 612 1516 cuprea
636 1436 788 1497 conditum
807 1444 838 1496 et
857 1438 1021 1515 repositum
1040 1434 1096 1498 sub

79 1523 234 1603 signaculo
252 1525 406 1585 mensibus
425 1526 518 1585 ferme
539 1524 669 1605 duobus3
693 1533 802 1603 quanto
827 1527 906 1586 enim
929 1526 1042 1587 diutius
1064 1527 1096 1585 in

37 1632 64 1673 xc
78 1613 188 1693 pyxide
221 1632 255 1674 ea
288 1616 443 1697 manserit,
476 1614 627 1676 efficacius
655 1614 714 1675 fiet.
761 1613 819 1675 Sed
847 1616 1007 1693 praecipue
1034 1613 1148 1678 hocrtt

79 1702 161 1783 quod
181 1702 301 1782 quidam
317 1702 364 1763 dia
380 1721 529 1783 smyrnon,
548 1702 684 1764 nonnulli
703 1703 825 1783 euodes,
847 1704 918 1782 quia
936 1702 1007 1763 boni
1026 1701 1095 1761 odo·

78 1794 122 1851 ris
148 1800 206 1874 est,
236 1794 403 1873 nominant,
427 1792 506 1872 quod
530 1793 618 1853 etiam
642 1790 678 1852 ad
702 1791 838 1871 pustulas
861 1790 1043 1871 papulasque
1066 1799 1098 1851 et

80 1883 313 1960 suppurationes
341 1880 496 1943 oculorum
524 1890 554 1943 et
581 1881 617 1942 ad
646 1883 801 1944 cicatrices
831 1899 891 1941 non
919 1887 1035 1941 veteres
1067 1890 1097 1941 et

80 1969 117 2030 ad
145 1968 355 2049 palpebrarum
384 1979 535 2031 recentem
564 1972 652 2032 etiam
681 1973 711 2031 in
741 1968 917 2050 corporibus
942 1970 1095 2031 teneriori·

40 2078 67 2116 so
81 2058 139 2119 bus
158 2059 376 2138 aspritudinem
394 2059 472 2120 lacit.
498 2058 623 2138 Oportet
641 2067 742 2121 autem
761 2077 796 2121 eo
811 2060 853 2120 ad
862 2058 981 2120 sordida
994 2058 1095 2120 ulcera

82 2146 176 2209 diluto
201 2150 248 2208 ori
272 2147 347 2229 albo,
370 2148 400 2209 id
425 2155 471 2209 est
493 2149 697 2229 aquatissimo,
720 2151 774 2231 uti,
797 2148 904 2209 deinde
923 2166 991 2210 cum
1010 2146 1095 2210 lacri-

81 2254 147 2297 mae
171 2236 266 2298 fluere
290 2236 442 2317 desierint,
466 2239 622 2299 cineracec
646 2237 768 2318 collyrio
795 2240 998 2318 superinungi,
1024 2240 1097 2298 itern

82 2326 116 2385 ad
141 2325 278 2405 pustulas
307 2345 343 2386 ex
371 2344 426 2387 ovo
455 2328 558 2387 tritum
586 2326 672 2409 lacit3
700 2323 735 2389 ad
764 2326 887 2408 papulas
910 2345 980 2387 vero
1007 2326 1096 2387 etad

82 2413 201 2475 dolores
230 2433 298 2476 cum
327 2414 438 2476 rubore
467 2422 497 2476 et
524 2415 707 2478 distensione
735 2416 815 2477 oculi
843 2419 919 2477 sicca
948 2414 1025 2476 bene
1053 2417 1096 2475 in-

41 2520 69 2561 sc
81 2506 203 2582 ponitur
228 2521 296 2565 cum
320 2502 395 2564 lacte
418 2503 565 2585 mulieris,
594 2524 631 2565 ex
660 2523 736 2584 aqua
759 2513 857 2566 autem
881 2504 919 2565 ad
941 2506 1097 2565 cicatrices

82 2603 220 2654 recentes
244 2592 446 2654 extenuandas
469 2600 498 2653 et
521 2593 731 2673 palpebrarum
754 2592 970 2672 aspritudinem
993 2591 1096 2652 tollen-

82 2680 148 2741 dam
173 2684 231 2743 teri
254 2680 344 2743 debet
368 2690 398 2742 et
421 2681 555 2743 subiecto
583 2681 705 2761 specillo
734 2693 785 2743 aut
811 2683 929 2741 inversa
957 2678 1097 2761 palpebra

83 2769 178 2831 oculis
206 2772 308 2831 inseri,
354 2770 542 2850 Conponitur
568 2780 668 2832 autem
692 2790 730 2831 ex
753 2771 800 2831 his
823 2768 928 2830 rebus:
952 2768 1096 2848 Pompbo·

84 2858 159 2938 lygis
182 2859 258 2921 lotae
283 2858 401 2941 liVlll,
425 2861 502 2920 aeris
526 2863 586 2921 usti
605 2858 631 2920 X
649 2858 724 2941 VIII,
748 2861 830 2921 croci
851 2857 876 2918 ll
895 2857 957 2939 llll,
981 2877 1097 2939 myrrae

45 2946 110 3007 soll
137 2947 210 3028 llll,
243 2948 328 3009 nardi
362 2950 461 3026 spicae
489 2946 516 3008 ll
544 2949 556 3009 l
589 2956 619 3010 et
648 2950 765 3029 pondus
794 2949 958 3029 victoriati,
991 2948 1097 3029 lapidis

84 3037 260 3099 haematitas
284 3036 310 3097 X
329 3037 356 3097 ll
375 3036 404 3118 S,
428 3039 540 3117 piperis
564 3037 621 3098 albi
645 3056 735 3117 grana
755 3038 790 3113 X,
813 3040 875 3118 opii
898 3036 1007 3099 lilet
1025 3056 1095 3117 pon·

86 3125 141 3186 dus
170 3128 259 3187 unius
287 3128 448 3208 victoriati,
476 3128 605 3205 gummis
628 3126 654 3186 ll
674 3126 707 3188 X.
754 3127 906 3189 Teruntur
932 3125 1005 3187 haec
1029 3144 1096 3187 cum

86 3214 159 3274 Chio
183 3216 250 3275 vino
274 3221 305 3276 et
328 3215 485 3277 confestim
509 3214 628 3296 collyria
647 3216 801 3296 tinguntur
824 3225 913 3297 atque
937 3217 967 3275 in
992 3214 1098 3276 umbra

86 3305 244 3365 siccantur.
280 3303 403 3365 Acriore
426 3312 524 3365 autern
548 3303 670 3385 collyrio
694 3306 729 3366 ad
753 3307 909 3367 cicatrices
933 3312 1150 3365 extenuantls

157 3516 171 3563 1
192 3510 356 3565 sutoricium
373 3512 485 3580 scripsi:
504 3511 653 3567 suboritum
674 3509 832 3567 Ooroomus.
927 3515 960 3565 27
980 3508 1098 3579 specillo

87 3580 253 3651 Stephanos:
274 3580 385 3652 spicillo
405 3580 569 3677 Corcorius.¹
