2609 4017
570 141 811 207 —164-

130 320 162 371 61
183 307 270 370 Cervi
292 307 448 386 pulmones
472 323 542 366 cnm
564 307 628 366 suis
651 305 878 384 gurgulionibus
901 305 1025 385 virgulis
1044 314 1149 366 tensos
1168 308 1202 366 in

182 398 277 478 sumo,
305 396 400 456 donee
428 403 578 476 arescant,
611 394 759 472 suspende
788 403 818 456 et
845 413 881 455 ex
909 395 956 455 his
984 393 1095 472 aliquid
1128 413 1201 455 con-

183 494 285 547 tusum
308 487 473 563 tritumque
497 482 657 561 diligenter
679 484 795 545 adiecto
818 483 905 544 melle
924 483 1089 562 ecligmatis
1107 482 1200 543 modo

130 588 164 638 62
182 574 311 656 pthisico
335 573 412 653 dato,
436 589 526 651 quem
549 575 647 632 sanari
666 575 808 633 citissime
827 573 916 633 voles.
951 571 1076 633 Lacerta
1094 572 1203 633 viridis

182 665 247 724 6166
270 664 361 723 missa
383 663 415 721 in
438 679 489 720 ras
512 661 602 722 fictile
626 679 734 721 novum
758 668 788 721 et
810 680 879 722 cum
900 663 961 721 vini
978 659 1010 721 θ
1031 659 1131 721 tribus
1151 661 1230 721 de·s

182 759 267 813 cocta
290 751 326 811 ad
350 749 488 829 cyathum
511 768 606 810 unum
627 749 844 811 incredibiliter
868 750 994 829 pthisico
1015 750 1150 830 prodest,
1173 752 1201 810 si

129 854 163 904 66
182 858 219 900 ex
242 858 277 899 eo
301 841 369 899 vino
393 855 478 899 mane
501 840 621 900 ieiunus
643 836 726 898 bibat
744 838 878 900 cocleare
897 857 998 900 unum.
1028 838 1088 909 Qui
1104 839 1202 918 pthisi

182 926 336 1009 laborabit,
354 927 432 987 laser
451 929 556 988 tritum
574 930 606 988 in
625 945 701 1007 aqua
719 926 819 1007 tepida
836 929 954 988 ieiunus
969 927 1092 988 cottidie
1106 927 1202 1007 bibat,

129 1030 164 1079 64
182 1025 321 1097 potenter
334 1015 556 1077 remediabitur.
587 1015 718 1077 Caneros
733 1018 864 1077 marinos
878 1018 986 1095 impari
1003 1034 1132 1076 numero
1152 1035 1202 1076 ex-

181 1114 267 1167 ustos
295 1105 341 1166 vel
370 1105 468 1166 aridos
497 1107 585 1166 tritos
614 1116 644 1166 et
671 1103 759 1165 bacas
789 1105 905 1165 laureas
934 1106 1042 1183 impari
1070 1123 1202 1165 numero
1217 1125 1242 1164 ro

182 1197 269 1256 tritas
296 1194 412 1255 adiecto
439 1194 526 1255 melle
554 1201 643 1274 atque
672 1193 757 1274 adipe
786 1196 923 1255 anserina
946 1195 1070 1255 remissa
1094 1196 1203 1272 aequis

182 1281 365 1362 ponderibus
393 1285 533 1343 universa
561 1284 708 1362 permixta
737 1301 829 1344 unum
856 1300 966 1363 corpus
994 1282 1085 1342 iacies
1107 1290 1203 1361 atque

183 1371 347 1452 aequaliter
375 1373 406 1431 in
434 1370 592 1432 duodecim
612 1379 720 1450 partes
748 1371 861 1432 divides
888 1380 919 1432 et
946 1373 976 1431 in
1000 1369 1067 1431 cibo
1092 1372 1202 1431 autin

130 1473 164 1523 66
182 1463 304 1540 potione
332 1459 478 1521 laboranti
504 1460 633 1539 pthisico
657 1460 754 1540 dabis,
782 1463 857 1521 mire
880 1460 1022 1540 proderit.
1068 1457 1131 1520 066
1155 1461 1201 1519 in-

182 1558 267 1611 cocta
295 1549 354 1610 duo
383 1551 415 1610 in
442 1549 533 1610 calice
561 1548 710 1610 diffundes
739 1556 769 1609 et
792 1549 875 1611 deice
899 1548 957 1610 olei
979 1549 1085 1628 optimi
1107 1540 1150 1634 β
1174 1547 1203 1606 ll
1219 1569 1244 1608 rs

183 1647 214 1700 et
242 1640 386 1717 axungiae
414 1640 633 1700 vetustissimae
661 1639 692 1698 in
719 1637 808 1699 trulla
836 1639 872 1699 ad
900 1637 1024 1700 calidam
1053 1639 1202 1697 remissae

183 1722 270 1814 3⁴¹¹
293 1739 324 1788 et
346 1729 493 1806 coagitata
523 1746 558 1789 ac
585 1727 767 1807 permixtum
792 1728 920 1806 pthisico
948 1725 1082 1806 tepidum
1109 1727 1201 1786 cotti·

131 1830 165 1880 66
184 1817 232 1877 die
246 1817 283 1877 da
297 1815 469 1897 bibendum,
488 1817 582 1878 donec
602 1824 733 1897 sanctur,
750 1815 833 1876 valde
852 1815 994 1895 proderit.
1027 1813 1084 1884 oui
1103 1814 1202 1892 pthisi

183 1905 371 1985 adiiciuntur,
389 1906 538 1965 maritima
555 1904 620 1966 loca
639 1907 732 1964 vitare
752 1905 863 1966 dehent
881 1912 969 1983 atque
986 1902 1046 1965 illic
1060 1905 1201 1983 maxime,

184 1992 235 2053 ubi
258 1994 308 2070 pix
327 1993 493 2071 conficitur,
515 1996 694 2054 commorari
711 1993 813 2073 ibique
832 1993 999 2054 coclearum
1019 2009 1108 2052 carne
1128 2011 1201 2054 cum
1216 2013 1242 2052 ao

130 2083 250 2145 616166
278 2087 469 2141 excoctarnm
496 2080 619 2142 adsidue
648 2084 737 2142 66661.
782 2082 883 2144 Picem
909 2097 1109 2162 praecoquam
1135 2083 1201 2141 sive

183 2186 273 2249 quam
300 2170 446 2229 viscosam
475 2178 580 2230 vocant
608 2179 638 2232 et
661 2170 812 2232 rubricam
836 2171 1013 2252 Scythicam,
1036 2187 1124 2249 quam
1149 2169 1202 2230 alii

182 2256 413 2338 pissasphaltum
435 2267 551 2340 vocant,
575 2278 644 2320 cum
663 2261 726 2320 6661
745 2262 857 2321 cervini
874 2261 994 2320 remissi
1011 2257 1117 2338 cyatho
1137 2277 1201 2318 uno

183 2355 213 2408 et
231 2346 317 2409 lactis
335 2346 441 2408 bubuli
459 2348 505 2408 661
523 2347 604 2410 ovilli
622 2350 688 2428 pari
707 2366 856 2430 mensura,
875 2351 901 2409 si
915 2351 982 2428 quis
1000 2350 1059 2407 iam
1078 2347 1199 2426 pericli-

66 2436 73 2447 ‘
183 2438 259 2497 tanti
286 2435 413 2516 pthisico
442 2439 474 2498 in
501 2445 574 2517 potu
603 2435 649 2497 661
677 2439 709 2496 16
735 2436 802 2498 cibo
825 2436 947 2498 cottidie
971 2435 1098 2516 dederit,
1121 2438 1198 2497 mire
1214 2453 1241 2493 ss

183 2527 212 2586 ci
235 2525 398 2587 subveniet.

131 2627 164 2676 66
271 2615 338 2675 Μ66
365 2613 449 2695 gliris
476 2613 636 2693 degluptus
669 2622 699 2675 61
730 2633 799 2675 cnm
831 2615 896 2674 oleo
925 2633 958 2674 ae
991 2612 1051 2673 sale
1082 2620 1202 2673 assatus

183 2702 398 2782 pleumoniacis
421 2703 468 2764 661
490 2704 633 2782 empyicis
657 2702 723 2764 cibo
748 2703 833 2765 datus
857 2705 931 2764 mire
958 2703 1121 2782 succurrit3
1148 2720 1201 2762 eos

131 2805 318 2872 aequoque,
343 2794 396 2871 qui
416 2790 576 2870 purulenta
599 2800 749 2872 excreant,
773 2793 928 2853 celerrime
951 2798 1043 2852 sanat.
1084 2789 1200 2851 blarru-

184 2879 227 2940 bii
249 2879 354 2940 viridis
377 2878 553 2941 fasciculum
575 2887 606 2940 et
628 2879 794 2942 ambrosiae
815 2880 990 2942 fasciculum
1013 2887 1044 2940 et
1062 2877 1200 2940 abrotani
1214 2898 1240 2938 ao

183 2966 360 3028 fasciculum
378 2970 463 3029 mitte
481 2971 513 3028 in
532 2967 620 3028 ollam
638 2969 829 3030 semodialem
847 2988 953 3030 noram
974 2975 1005 3029 et
1023 2969 1084 3028 vini
1097 2965 1129 3027 θ
1145 2966 1201 3028 llll

185 3063 216 3116 et
237 3055 371 3135 decoque
395 3056 431 3116 ad
455 3059 630 3138 sextarium,
654 3066 719 3120 tum
743 3061 874 3138 exprime
897 3058 1005 3120 herbas
1028 3063 1058 3116 61
1081 3055 1146 3117 6616
1170 3066 1202 3118 61

256 3226 444 3298 Beligmaiis
520 3226 688 3300 4tphisico.
766 3229 897 3300 tiphisi.
979 3235 1012 3282 11
1032 3227 1130 3298 acque]
1151 3229 1200 3284 ad-

183 3299 268 3353 iecto.
351 3305 385 3352 13
404 3299 565 3355 duodecem.
648 3306 682 3354 14
705 3301 835 3370 iphisieo.
922 3304 954 3355 16
974 3297 1105 3354 difnndcs
1124 3301 1199 3369 (sich

184 3368 395 3424 undasundas?
477 3376 511 3425 16
528 3370 708 3428 retorsimus.
786 3378 818 3426 1‘1
836 3370 966 3441 iphisico.
1048 3375 1081 3423 18
1099 3371 1199 3440 tphisi.

184 3445 218 3494 16
237 3439 474 3510 pissasphaltnm]
493 3441 619 3510 spaltioa.
717 3447 751 3496 28
770 3439 974 3522 pleumoniacis
992 3439 1092 3510 scripsi
1109 3447 1142 3498 ut
1161 3448 1200 3498 cat

184 3511 216 3565 iu
233 3511 329 3566 titulo.-
347 3510 564 3596 pleumoniiicis.
637 3516 672 3566 29
691 3512 820 3567 marovir.
