2609 4017
488 195 726 261 -309-

96 357 151 419 das
176 357 261 419 dabis
283 358 341 419 coli
364 358 465 420 dolore
489 359 634 419 coniecto.
671 357 788 420 11331333
810 361 975 421 vettonicae
993 310 1113 440 pollinis
1132 373 1165 422 11

96 440 138 533 3«
161 446 198 507 Vl
221 466 258 508 33
282 465 374 526 aquae
398 447 509 509 calidae
529 448 641 527 cyathis
661 447 759 509 tribus
777 448 871 509 colico
890 450 990 509 ieiuno
1010 448 1113 510 biben-

95 536 152 597 dos
176 554 232 616 per
255 536 388 597 triduum
411 536 503 597 dabis.
544 536 759 618 Plantaginem,
788 555 863 616 quae
887 538 952 599 sine
975 537 1114 616 lanugine
1132 549 1167 599 11

96 626 204 701 133311,
233 634 388 687 contusam
412 644 480 687 cum
504 626 564 686 3313
587 625 726 705 adponito
755 626 792 687 ad
821 625 995 687 umbilicum
1019 627 1114 708 colici,

66 717 174 775 333133
198 713 341 794 proderit
1045 733 1047 736 ·

189 802 304 864 Anulus
331 804 368 863 de
396 820 468 864 auro
495 811 577 864 texta
599 804 701 865 tunica
724 804 758 864 111
781 811 897 884 exusta,
925 806 976 865 cni
1002 804 1166 866 13333113

96 894 183 971 pitur
206 894 270 952 vice
294 910 427 971 gemmae
449 894 541 971 piscis
565 900 615 954 331
638 891 775 973 dalfinus,
799 893 842 952 sic
865 900 900 952 ut
917 891 1113 974 holochrysus

97 982 139 1042 sit
163 987 194 1042 et
216 979 323 1041 habeat
346 984 377 1041 in
401 980 512 1043 ambitu
536 982 732 1043 rutunditatis
756 982 922 1061 utriusque,
947 982 978 1041 id
1001 989 1048 1043 cst
1070 984 1114 1043 in·

97 1071 196 1131 terius
226 1077 256 1131 et
284 1072 415 1131 exterius
439 1069 560 1132 Graecis
583 1071 691 1132 litteris
715 1072 874 1149 scriptum:
908 1064 983 1144 Θεὸς
1003 1067 1116 1132 κελεύει

55 1178 83 1217 ao
97 1154 141 1239 μὴ
164 1153 251 1220 κύειν
272 1156 361 1221 κόλον
383 1153 505 1233 πόνους.
547 1159 773 1221 Observandum
796 1166 895 1219 autem
919 1161 991 1239 erit,
1013 1167 1061 1239 ut,
1089 1162 1116 1220 si

97 1249 130 1308 in
155 1247 248 1308 latere
272 1250 394 1309 sinistro
417 1248 502 1309 dolor
526 1248 630 1329 luerit,
657 1250 688 1308 in
714 1266 804 1308 manu
827 1249 948 1308 sinistra
970 1246 1115 1309 habeatur

97 1336 218 1417 333133,
237 1338 337 1398 autin
356 1337 468 1419 dextra,
488 1339 514 1397 si
531 1338 669 1398 dextrum
689 1336 765 1398 latus
784 1336 909 1417 dolebit3
928 1336 999 1397 luua
1015 1345 1115 1397 autem

97 1426 295 1487 decrescente
318 1427 366 1487 die
389 1425 466 1487 lovis
487 1428 616 1505 primurn
635 1428 667 1486 in
687 1444 775 1487 usum
793 1425 947 1486 habendus
966 1426 1025 1487 erit
1044 1444 1114 1487 anu·

97 1514 157 1575 lus.
199 1514 243 1575 Ad
266 1514 324 1575 ooli
346 1513 479 1576 dolorem
502 1516 638 1594 requires
662 1516 765 1576 limum
788 1514 852 1593 lupi
879 1521 910 1575 et
932 1532 1012 1594 ossa,
1039 1526 1170 1593 333314

57 1620 84 1661 1⁵
98 1602 212 1663 ibidem
236 1605 399 1683 inveneris,
423 1604 588 1665 contundes
612 1612 643 1663 et
664 1602 818 1683 pulverem
841 1620 878 1663 ex
900 1601 948 1689 his
971 1602 1062 1663 133133
1086 1610 1116 1663 31

97 1694 133 1752 13
156 1710 232 1770 aqua
255 1691 361 1771 frigida
383 1694 484 1754 ieiuno
508 1692 670 1754 bibendum
694 1690 786 1752 dabis.

190 1780 234 1840 Ad
258 1779 316 1841 coli
338 1780 471 1843 dolorem
493 1783 542 1843 die
565 1779 619 1841 llll
641 1780 698 1841 kal.
717 1779 807 1860 April.
830 1778 922 1840 313133
945 1798 1032 1841 mane
1055 1778 1167 1842 331-13

98 1868 153 1948 ligi
181 1868 270 1930 133133
299 1877 329 1930 31
355 1872 413 1931 1331
440 1873 471 1931 13
494 1871 636 1931 mortario
660 1869 831 1950 diligenter,
858 1877 961 1947 postea
983 1871 1015 1929 13
1038 1886 1115 1929 mor·

99 1960 211 2019 tarium
234 1960 331 2037 ipsum
353 1961 454 2019 mittes
472 1961 534 2020 3131
552 1960 662 2019 3313313
680 1960 818 2037 potiones
836 1957 888 2017 Vll
906 1966 937 2019 et
955 1975 1024 2019 cum
1042 1965 1115 2019 tem·

59 2065 86 2105 ao
101 2048 254 2125 peraveris
269 2047 441 2127 3333313113,
455 2066 471 2108 a
487 2047 535 2109 die
551 2065 641 2126 supra
656 2049 767 2126 scripto
782 2049 918 2126 potiones
932 2065 987 2127 per
1001 2055 1117 2127 septem

100 2136 168 2196 dies
191 2138 349 2197 continuos
372 2136 465 2216 dabis,
488 2136 541 2198 sed
565 2146 671 2199 cautus
694 2154 760 2198 esse
784 2136 876 2197 debes
898 2138 930 2197 in
952 2134 1038 2197 violis
1057 2135 1116 2197 col·

99 2224 239 2304 ligendiS,
262 2227 330 2303 quia
352 2224 511 2305 pleraeque
536 2233 607 2287 sunt
628 2228 742 2287 noxiae.

191 2312 234 2373 Ad
263 2313 321 2374 ooli
348 2313 481 2375 dolorem
509 2314 641 2376 scribere
665 2314 757 2375 debes
780 2315 811 2374 in
834 2314 941 2373 lamina
964 2332 1054 2375 aurea
1077 2314 1167 2375 31316

100 2402 195 2481 grafio
223 2420 313 2463 aureo
340 2403 417 2463 inira
441 2404 569 2483 scriptos
593 2403 780 2464 characteres
808 2400 878 2462 luna
900 2403 996 2480 prima
1019 2404 1117 2481 vigen-

59 2508 87 2549 33
102 2494 179 2551 sima
204 2500 236 2551 et
257 2490 394 2552 laminam
417 2494 512 2571 ipsam
535 2494 654 2553 mittere
677 2493 756 2551 intra
778 2489 916 2551 tubulum
940 2507 1065 2550 aureum
1087 2498 1118 2550 31

102 2580 233 2659 desuper
260 2583 377 2659 operire
405 2579 451 2641 331
483 2579 632 2641 133313333
663 2577 800 2639 tubulum
830 2579 930 2656 ipsum
961 2577 1037 2657 pelle
1071 2596 1117 2639 ca·

101 2670 188 2747 priua
212 2676 242 2728 et
265 2671 385 2747 caprina
409 2670 536 2748 corrigia
558 2669 650 2748 ligare
673 2669 705 2728 13
727 2666 804 2746 pede
827 2666 941 2745 dextro,
965 2668 992 2727 si
1014 2666 1118 2727 dextra

101 2775 173 2837 pars
196 2759 331 2837 corporis
354 2756 419 2818 colo
443 2757 602 2839 laborabit,
625 2758 729 2819 autin
754 2757 888 2836 sinistra,
914 2757 941 2815 si
963 2754 1006 2815 ibi
1029 2773 1117 2816 causa

103 2846 208 2927 luerit,
240 2845 349 2907 habere
377 2845 511 2927 debebit3
543 2846 595 2907 sed
623 2846 695 2908 dum
722 2851 826 2906 utetur
853 2845 920 2923 quis
948 2843 1005 2905 hoc
1034 2862 1118 2924 prae·

60 2934 258 3017 religamine,
292 2934 441 2995 abstineat
475 2953 584 2997 venere
621 2943 652 2997 et
688 2952 727 2996 33
763 2933 919 2995 mulierem
951 2942 1002 2996 aut
1033 2952 1117 3013 prae·

103 3031 244 3102 guantem
281 3025 433 3103 contingat
465 3033 516 3086 331
553 3024 725 3105 sepulcrum
762 3022 962 3103 ingrediatur,
997 3025 1117 3084 omnino

102 3112 263 3173 observare
295 3112 431 3195 debebit3
464 3114 500 3175 ad
528 3115 625 3194 ipsum
658 3122 758 3175 331333
788 3111 846 3172 3311
873 3110 1007 3172 dolorem
1034 3112 1117 3191 peni-

102 3209 152 3264 133
186 3201 371 3283 evitandum,
403 3210 437 3264 31
469 3204 624 3264 sinistrum
656 3202 762 3283 pedem
796 3219 914 3279 semper
946 3203 1032 3279 prius
1061 3198 1118 3260 cal-

193 3353 390 3411 2bibendnm.
485 3355 622 3410 6133133.
715 3354 894 3409 1313331333.
985 3353 1118 3406 833133-

103 3424 201 3480 ditetis
220 3426 290 3495 (sic).
357 3428 386 3481 et
404 3427 468 3481 odd.
487 3432 552 3482 3313
569 3425 687 3482 13133133
706 3431 766 3481 133.
831 3429 865 3478 11
886 3423 974 3492 debis,
993 3425 1057 3479 11333
1075 3428 1118 3479 11

101 3498 320 3636 {pepffigtlepes
386 3496 542 3569 viginsima
602 3495 903 3552 18313311331313.
961 3502 996 3551 30
1014 3494 1119 3550 venire.
