2609 4017
593 210 630 218 -
678 173 833 237 304—

208 353 284 415 aqua
312 334 454 415 admixta3
482 333 585 395 eodem
613 334 702 395 modo
725 334 856 395 dandum
879 341 978 394 estet
1001 336 1054 413 eis,
1078 336 1128 413 qui
1148 351 1210 393 san·

208 426 329 503 guinem
352 440 406 503 per
429 425 545 484 urinam
568 422 615 483 vel
637 422 735 483 alvum
756 422 901 503 reddunt,
928 441 984 483 nec
1006 424 1105 483 minus
1128 424 1211 482 ctiam

208 512 395 591 mulieribus,
428 530 503 590 quae
531 510 625 572 fluore
654 510 881 589 sanguinolento
907 512 1100 590 infestantur,
1128 528 1211 589 quem

208 600 288 661 rhun
311 600 453 679 erythron
476 600 582 660 Graeci
604 600 717 679 dicunt,
739 599 786 660 vel
809 617 885 678 quae
908 617 945 659 ex
967 607 1056 677 partu
1074 598 1211 659 abortuve

208 688 345 749 residuos
368 687 470 748 vulvae
493 687 611 749 dolores
634 687 758 769 habent,
781 690 865 748 etin
888 695 993 766 totum,
1017 687 1125 766 quibus
1147 703 1233 764 supe

208 775 382 855 primendus
410 785 456 837 est
483 776 560 837 fluor
588 784 639 837 aut
662 775 817 855 exaliqua
840 782 925 853 parte
948 778 1084 855 corporis
1105 774 1212 835 inflatio

208 862 345 924 tollenda.
382 862 499 943 Recipit
522 873 621 926 autem
643 865 730 925 baec:
754 864 859 943 Spicae
881 862 976 943 nardi,
999 866 1085 943 costI,
1106 865 1213 943 piperis

209 950 280 1030 albi,
305 954 418 1031 piperis
441 955 529 1033 nigri,
551 955 664 1032 piperis
687 952 777 1033 longi,
800 970 926 1033 myrrae,
948 954 1017 1031 opii,
1040 951 1213 1031 Apollinaris

208 1038 327 1120 radicis,
350 1043 487 1120 cinnami,
510 1043 596 1121 asari,
620 1042 710 1122 acori,
732 1042 819 1120 turis,
842 1040 990 1100 brassicae
1014 1043 1147 1120 seminis,
1170 1058 1213 1099 ca·

208 1130 313 1207 storei,
341 1128 526 1207 singulorum
553 1128 692 1189 denarios
719 1126 788 1210 XII,
815 1130 993 1207 opopanacis
1021 1127 1047 1187 X
1074 1128 1114 1207 X,
1140 1136 1242 1189 stoc-o

209 1215 325 1295 ohadis,
356 1217 457 1297 dauci,
489 1235 602 1297 ameos,
634 1217 820 1295 singulorum
850 1216 987 1276 denarios
1017 1214 1124 1297 XVIII,
1152 1215 1214 1275 silis

209 1302 317 1363 Cretici
345 1303 371 1363 il
395 1304 516 1385 XXIIII;
544 1305 629 1366 melle
658 1306 757 1365 Attico
784 1304 858 1365 hacc
885 1306 1077 1383 excipiuntur
1104 1323 1137 1365 ac
1162 1306 1214 1364 mi-

209 1398 339 1451 soentur.
379 1391 472 1453 Datur
494 1411 554 1453 non
577 1394 644 1473 plus
669 1411 758 1472 quam
781 1393 895 1453 denarii
916 1392 1034 1472 pondus
1056 1401 1109 1453 aut
1128 1395 1213 1452 ricto

208 1480 290 1559 riati3
313 1482 430 1562 ceteris,
452 1490 543 1560 prout
565 1484 712 1560 cuiusque
736 1483 815 1541 vires
833 1480 1036 1561 postulabunt,
1059 1480 1213 1541 dummodo

147 1647 150 1652 ι
208 1567 286 1629 inira
303 1567 360 1629 hoc
378 1568 505 1649 ponduS,
523 1588 559 1629 ex
577 1588 671 1649 aquae
689 1568 800 1630 calidae
817 1569 931 1647 cyathis
943 1568 1042 1629 tribus
1054 1571 1087 1629 in
1100 1576 1244 1629 noemae

209 1656 374 1717 secundum
402 1676 513 1718 cenam.
558 1657 638 1719 llaec
666 1660 748 1736 potio
776 1658 865 1717 etiam
892 1656 1132 1717 febricitantibus
1153 1663 1214 1717 tuto

209 1742 305 1825 datur,
328 1764 433 1805 rerum
456 1745 592 1807 coeliacis
611 1748 641 1806 in
662 1748 728 1824 ipso
747 1744 849 1805 dolore
868 1746 998 1823 prodest
1029 1744 1132 1806 Vitreo
1151 1762 1214 1805 vose

209 1831 265 1892 sub
288 1833 449 1914 signaculo,
471 1842 506 1894 ut
528 1836 620 1894 moris
643 1842 699 1915 est,
722 1841 865 1893 servatur.

175 1931 189 1979 7
297 1920 341 1981 Ad
361 1921 419 1981 coli
436 1921 568 1982 dolorem
587 1922 700 1983 iaciunt
716 1922 836 2001 quidem
851 1922 975 1982 mirifice
990 1939 1065 2000 quae
1079 1922 1214 1999 superius

208 2008 305 2084 posita
319 2018 397 2088 sunt,
411 2010 464 2069 sed
479 2017 512 2070 ut
525 2019 624 2070 cetera
638 2011 854 2071 medicamenta
867 2012 898 2070 in
912 2010 978 2070 aliis
990 2012 1071 2070 vitiis
1085 2009 1214 2069 dolorem
1223 2022 1245 2061 o

209 2092 307 2153 levant
323 2098 471 2177 protinus,
488 2099 529 2157 ita
547 2098 613 2180 hoc,
632 2099 712 2177 quod
730 2098 867 2159 dicturus
885 2116 962 2177 sum,
982 2116 1072 2176 supra
1091 2097 1215 2157 homiuis

210 2188 240 2241 et
263 2198 345 2259 spem
369 2191 399 2243 et
422 2184 626 2247 condicionem
648 2186 716 2247 illco
735 2186 859 2266 prodest
879 2187 1007 2265 ideoque
1029 2188 1127 2265 primo
1146 2193 1214 2246 tem·

208 2287 282 2347 pore
305 2289 342 2331 ne
366 2271 439 2333 fides
462 2273 583 2352 quidem
605 2274 733 2336 habetur
756 2276 876 2335 effectui
892 2276 969 2355 eius,
990 2282 1095 2353 postea
1112 2290 1215 2333 veroa

209 2356 291 2418 nullo
305 2362 377 2420 satis
391 2361 479 2439 digne
493 2362 608 2423 laudari
620 2370 733 2444 potest3
752 2381 820 2423 nam
834 2364 885 2423 et
877 2380 910 2422 m
922 2363 1073 2441 praesenti
1087 2362 1215 2422 dolorem

209 2446 286 2508 tollit
309 2456 338 2509 ot
361 2451 393 2509 in
416 2449 549 2511 futurum
573 2452 730 2530 remediat,
757 2470 796 2511 ne
823 2468 964 2530 umquam
986 2450 1071 2511 dolor
1094 2456 1281 2544 repetatis,

209 2534 286 2596 Raro
311 2539 389 2598 enlm
411 2540 477 2617 quis
496 2541 604 2599 iterum
624 2548 676 2600 aut
694 2548 729 2600 ut
746 2557 895 2600 summum
913 2539 1003 2599 tertio
1021 2547 1145 2617 accepto
1163 2537 1215 2597 hoc
1280 2549 1281 2612 l

209 2624 425 2686 medicamento
448 2636 569 2689 vexatus
590 2635 650 2708 est3
674 2626 909 2707 quamobrem
884 2645 912 2686 ει
929 2625 1047 2705 quando
1065 2627 1216 2706 repetierit

209 2713 319 2773 iterum
342 2714 435 2795 dolor,
458 2715 571 2776 dandae
594 2724 684 2777 erunt
705 2734 759 2794 per
783 2715 916 2776 triduum
939 2722 969 2775 et
990 2722 1064 2775 tuno
1083 2717 1215 2793 potiones
1280 2705 1281 2764 ἒ

209 2799 313 2861 eodem
341 2802 442 2882 modo,
470 2821 528 2881 quo
556 2811 587 2864 et
614 2807 711 2883 primo
739 2804 824 2864 datae
852 2802 972 2866 fuerint
1014 2802 1168 2863 Interdum
1189 2806 1216 2860 et

209 2888 240 2945 in
268 2890 357 2947 tertio
386 2889 486 2950 dolore
516 2892 621 2951 eodem
648 2910 757 2970 genere
785 2892 922 2969 potiones
949 2889 1115 2970 dabuntur,
1142 2887 1246 2968 quodtt

209 2991 277 3033 raro
301 2975 420 3054 quidem
444 2979 568 3061 accidet,
593 2987 628 3040 ut
649 2987 719 3060 post
736 2980 861 3057 primam
880 2981 1032 3058 potionem
1050 2976 1137 3037 dolor
1155 2975 1216 3038 red·

210 3070 270 3143 eat3
303 3062 355 3123 sed
384 3066 410 3124 si
436 3064 612 3128 admonente
640 3086 729 3127 causa
758 3069 867 3127 iterum
898 3074 987 3145 atque
1015 3068 1127 3125 iterum
1155 3065 1217 3125 data

209 3150 314 3231 fuerit,
340 3154 371 3212 in
401 3151 535 3214 futurum
564 3173 683 3234 quoque
712 3157 753 3215 ita
780 3153 969 3235 remediabit,
996 3161 1030 3214 ut
1056 3171 1096 3213 ne
1127 3154 1216 3232 suspI·
1280 3157 1281 3160 ’

210 3240 256 3298 cio
285 3240 404 3319 quidem
433 3240 491 3301 ulla
514 3242 584 3303 huic
608 3245 679 3304 vitio
703 3243 902 3323 relinquatur3
930 3244 957 3303 si
979 3240 1097 3320 quando
1121 3248 1216 3302 tamen

281 3450 315 3499 28
330 3446 381 3527 ne]
400 3462 459 3501 nee.
565 3448 679 3515 quidem
696 3464 747 3504 om.
830 3445 943 3503 effectui
960 3446 1075 3515 eenpsi:
1093 3445 1216 3501 effectur

210 3516 243 3565 2⁷
263 3514 506 3570 medicamentum.
565 3466 612 3571 q28
632 3518 733 3572 dando
