2609 4017
586 187 827 254 -130-

203 360 235 414 et
253 353 313 414 mel
325 352 449 433 Lycium
468 358 612 430 quantum
631 351 760 413 sufficiat
774 353 888 432 aequali
902 371 1041 414 mensura
1055 356 1229 435 permisce3

204 440 313 520 quibus
336 439 427 502 rebus
451 440 653 501 dentifricium
678 443 830 521 egregium
852 441 957 523 iacies,
981 442 1059 521 quod
1083 443 1229 504 dolorem

203 531 338 591 dentium
366 528 450 590 sedat
437 537 588 609 teosque
615 531 829 591 confirmatt
798 538 829 591 et
851 531 1076 592 candidissimos
1103 531 1228 613 reddit3

204 618 257 680 sed
285 637 361 697 quae
389 617 512 679 terenda
540 625 623 698 sunt,
654 617 879 697 diligentissime
907 627 1100 681 conterantur
1126 627 1259 699 atque

203 705 333 768 criblent
320 714 370 768 tur
388 707 419 766 et
437 708 481 767 sic
499 709 598 766 omnia
616 708 811 788 misceantnr3
831 709 909 787 quod
924 708 1126 769 dentifricium
1146 728 1224 770 nec·
1240 727 1254 767 a

203 813 264 856 non
292 805 322 856 et
349 795 405 855 alia
430 796 529 855 omnia
556 813 648 873 supra
677 796 791 858 dicta'
782 815 814 856 1n
841 797 999 876 pyxidibus
1026 797 1133 876 ligneis
1167 807 1226 859 aut

202 886 321 946 corneis
344 883 453 945 debent
476 882 606 944 recondi.

613 1077 693 1139 car.
717 1077 806 1140 uuir.
868 1055 870 1061 '

203 1192 297 1248 Uvae
326 1194 362 1248 et
388 1191 548 1247 faucibus
576 1194 610 1247 et
638 1190 770 1246 arteriis
798 1194 833 1246 et
860 1191 1036 1254 raucedini
1064 1193 1228 1248 remedia

247 1281 388 1350 physice
411 1283 446 1336 et
468 1279 681 1336 rationabffie
704 1280 836 1336 diverse
858 1281 901 1335 de
925 1280 1177 1350 experimentis.

167 1433 183 1482 1
291 1415 335 1476 lo
360 1416 489 1477 faucium
513 1434 646 1494 uvaeque
671 1396 897 1477 tumorem'hac
920 1417 983 1477 iere
1011 1435 1113 1477 omnes
1138 1435 1226 1477 com-

202 1507 351 1584 positione
374 1507 420 1566 uti
443 1504 566 1585 debent,
594 1506 664 1584 quia
693 1505 802 1566 nullam
830 1505 1045 1584 aspritudinem
1072 1504 1165 1566 habet
1188 1515 1227 1567 et

202 1597 273 1655 satis
298 1595 402 1655 ellicax
421 1602 479 1655 est:
503 1593 581 1654 Uvae
599 1594 740 1654 Amineae
759 1593 893 1674 acerbae,
912 1613 980 1654 cum
999 1595 1129 1673 primum
1150 1613 1223 1672 gra·
1241 1615 1267 1654 ao

201 1702 274 1744 uum
297 1685 362 1744 eius
385 1685 491 1762 incipit
513 1681 679 1761 perlucere,
702 1684 768 1743 suci
790 1680 822 1743 s
840 1682 904 1762 llll,
926 1682 1022 1744 mellis
1040 1682 1132 1743 Attici
1151 1680 1184 1742 fo
1209 1683 1224 1742 1

200 1775 325 1833 misceto
352 1774 384 1832 in
411 1790 505 1832 unum
533 1777 622 1849 atque
649 1773 681 1830 in
709 1789 801 1831 aeneo
833 1789 902 1832 vaso
935 1773 1055 1851 coquito
1087 1770 1224 1832 subinde

200 1879 331 1940 movens,
350 1860 445 1922 donec
464 1858 559 1920 mellis
577 1858 685 1920 habeat
704 1859 936 1941 spissitudinem,
955 1872 1044 1939 atque
1064 1859 1132 1920 inde
1153 1861 1225 1920 lau-

163 1963 252 2013 eces
282 1949 445 2026 continges.
486 1947 586 2008 Altera
613 1947 650 2007 ad
678 1948 825 2009 eiusmodi
852 1948 1003 2010 molestias
1029 1951 1223 2028 compositio,

201 2055 269 2097 cum
297 2036 410 2096 diutius
438 2042 558 2096 vexatae
586 2045 657 2097 sunt
684 2044 785 2115 partes
812 2055 903 2117 supra
931 2038 1040 2116 dictae,
1068 2045 1102 2097 ut
1126 2037 1222 2098 facile
1238 2059 1264 2099 m

201 2124 370 2202 placentur:
394 2124 540 2185 Aluminis
559 2125 622 2185 lissi
640 2124 716 2205 llll,
739 2125 830 2204 gallae
853 2132 959 2187 tunsae
979 2125 1055 2205 ΞΗ,
1077 2126 1224 2204 omphaci

201 2212 277 2273 aridi
299 2212 326 2272 X
344 2212 370 2290 1,
399 2215 480 2274 croci
502 2212 573 2293 xl,
596 2215 678 2292 passi
700 2213 810 2275 Cretici
832 2212 863 2275 θ
882 2214 904 2275 Ι.
948 2213 1012 2276 Hoc
1035 2214 1223 2294 decoquitur

201 2319 271 2362 raso
293 2301 379 2362 fictili
400 2302 437 2364 ad
460 2302 581 2383 medias,
604 2304 646 2362 ita
670 2309 703 2362 ut
726 2319 801 2382 qnae
825 2303 947 2364 terenda
966 2312 1037 2364 sunt
1055 2303 1222 2382 diligenter

200 2391 272 2451 trita
290 2390 519 2452 admisceantur.
546 2390 712 2470 Utrumque
731 2398 829 2452 autem
849 2392 1098 2453 medicamentum
1117 2394 1221 2472 signa-

200 2486 265 2540 tum
294 2486 415 2559 stagneo
444 2478 649 2559 reponendum
678 2489 724 2541 est
750 2478 869 2540 vasculo
898 2489 929 2541 et
954 2499 1011 2541 uva
1038 2481 1084 2541 vel
1111 2481 1220 2542 lauces
1236 2501 1263 2540 oo

163 2582 181 2630 a
200 2568 322 2630 adsidue
345 2569 415 2629 inde
438 2568 610 2648 tangendae.
643 2566 701 2628 Uhi
724 2571 899 2648 suppuratio
922 2569 1052 2630 lancium
1074 2578 1219 2648 suspecta

199 2665 246 2718 est
269 2657 382 2719 diutius
404 2664 597 2736 permanente
621 2675 722 2716 earum
746 2663 862 2717 tumore
890 2666 921 2718 et
948 2659 1100 2719 interdum
1122 2657 1219 2719 lebri-

199 2745 275 2807 culis
294 2764 355 2806 non
374 2748 438 2806 sine
456 2745 582 2806 horrore
600 2745 832 2825 incurrentibus,
847 2745 996 2825 oportebit
1011 2746 1130 2826 quidem
1148 2765 1217 2825 gar·

198 2833 319 2912 galizari
341 2851 447 2912 aquam
470 2833 595 2894 mulsam
621 2833 666 2894 vel
689 2853 758 2894 cnm
781 2835 845 2894 licis
864 2835 955 2896 aridis
975 2834 1137 2915 decoctam,
1159 2836 1216 2896 sed
1296 2907 1297 2912 γ

198 2924 346 3001 perungui
361 2922 461 2981 lauces
475 2921 548 2982 utile
562 2929 609 2982 est
622 2921 679 2982 hoc
693 2922 918 3004 medicamento,
937 2941 995 3002 qua
1009 2931 1107 2985 tactus
1121 2926 1213 2985 susti·
1229 2943 1259 2983 ss
1296 2927 1297 3000 l

198 3027 271 3069 uere
298 3010 410 3087 poterit
436 3009 524 3088 paulo
551 3011 698 3090 pressius,
727 3011 805 3090 quod
833 3013 991 3072 coniicitur
1009 3014 1075 3076 sic:
1116 3011 1214 3073 blellis

198 3096 270 3157 honi
293 3098 459 3177 despumati
477 3098 634 3178 heminam,
657 3100 773 3160 resinae
792 3099 1010 3161 terebinthinae
1029 3100 1060 3162 P.
1079 3099 1101 3181 l,
1124 3119 1213 3162 rosae

198 3188 295 3246 siccae
316 3185 437 3266 cyathos
451 3185 483 3248 V.
511 3186 651 3247 Resinam
670 3206 738 3248 cnm
756 3206 824 3248 rosa
838 3189 949 3269 duplici
962 3208 1040 3270 vaso,
1063 3198 1098 3250 ut
1114 3189 1213 3251 solent

197 3277 390 3352 unguentarii
408 3278 461 3355 uti,
485 3275 632 3354 liquefieri
650 3283 776 3357 oportet,
800 3277 907 3338 deinde
926 3278 1084 3340 admisceri
1103 3278 1163 3339 mel
1182 3287 1211 3338 et

269 3409 466 3466 dmiscantnr.
552 3416 585 3466 16
603 3411 698 3480 gallae
716 3414 815 3467 tunsae
833 3409 860 3465 Ξ
873 3412 900 3466 II
918 3429 968 3467 oon.
1054 3417 1089 3467 25
1108 3430 1209 3483 perun·

196 3479 286 3547 gueri.
341 3480 584 3536 medicamentum.
640 3483 750 3538 austeri.
805 3489 838 3538 27
857 3479 1053 3539 terebintinae.
1108 3490 1143 3540 28
1158 3485 1208 3539 sic·

194 3554 258 3615 cae]
275 3549 334 3604 suci
349 3550 507 3607 Oornoriue.
580 3558 614 3608 29
632 3554 747 3623 oportit.
