2609 4017
581 188 823 253 ..242-

142 361 175 412 ‘18
284 349 427 412 Catellum
451 350 608 411 lactantem
633 351 670 411 de
689 368 782 411 canna
801 350 902 411 occide
927 361 956 410 et
975 349 1012 409 de
1030 352 1096 428 ipsa
1114 368 1205 410 canna
1279 383 1280 436 3

195 438 328 518 splenem
356 442 421 500 eius
449 438 518 500 tolle
547 458 580 499 ac
608 441 754 500 nescienti
784 439 940 517 splenitico
966 440 999 498 in
1027 437 1205 499 carbonibus

140 540 174 589 ts
195 536 312 589 coctum
336 527 383 588 vel
404 536 534 588 assatum
553 527 792 588 manducandum
810 528 886 588 dato.
923 528 1108 587 Ammoniaci
1127 524 1204 605 drag.

194 634 245 677 sex
269 635 305 677 ex
329 622 412 677 aceto
437 616 544 677 dilutas
568 634 621 695 per
646 634 697 677 ser
721 615 785 676 dies
807 616 921 677 lienoso
941 617 1041 677 ieiuno
1061 613 1146 675 dabis
1163 614 1204 674 hi·

193 703 318 786 bendas,
346 706 386 765 ita
414 716 448 765 ut
476 705 600 784 singulis
628 704 735 765 diebus
758 704 889 783 singulas
912 704 1049 783 dragmas
1072 705 1226 782 accipiats

140 804 173 853 ‘14
191 793 276 853 loeti
301 792 431 855 scillitici
448 793 580 854 Africani
603 793 725 872 cyathos
747 802 809 853 tres
833 802 864 854 et
885 796 963 854 roris
982 794 1091 853 marini
1112 825 1151 835 -
1165 791 1203 851 ill

193 888 330 941 conteres
360 881 518 961 diligenter
546 900 579 943 ac
606 884 707 942 ieiuno
735 881 848 942 lienoso
876 900 931 961 per
957 881 1093 942 triduum
1123 881 1203 942 dabis

193 968 350 1051 bibendas3
373 988 430 1049 qua
453 973 587 1052 potione,
611 972 636 1031 si
661 970 731 1048 quid
756 978 878 1049 experto
902 970 1048 1050 creditur,
1073 969 1203 1049 spleniti·

192 1075 259 1119 cum
284 1058 320 1119 de
343 1058 448 1120 ultimo
471 1057 604 1137 periculo
628 1057 778 1119 liberabis.

139 1159 171 1209 tt
279 1146 430 1229 Malagma,
453 1146 531 1226 quod
556 1155 586 1207 et
609 1146 722 1226 splenis
745 1155 776 1208 et
798 1148 938 1208 iocineris
956 1146 1090 1207 dolorem
1111 1155 1141 1207 et
1158 1154 1202 1206 tu·
1216 1164 1238 1202 n

193 1254 306 1297 morem
320 1238 526 1315 potentissime
542 1242 640 1297 curat:
660 1235 909 1313 crocomagmatis
924 1237 1088 1296 sextarium
1103 1253 1204 1315 unum,

192 1332 293 1401 guttae
316 1326 491 1385 ammoniaci
513 1323 619 1384 libram
643 1342 745 1406 unam,
773 1342 860 1385 cerae
885 1323 991 1384 libram
1013 1341 1121 1403 unam,
1149 1324 1205 1384 olei

192 1415 306 1473 rosacei
326 1446 366 1454 -
382 1411 431 1472 lli.
469 1413 692 1473 Ammoniacum
715 1430 783 1473 curn
807 1423 1041 1490 crocomagmate
1064 1431 1103 1472 ex
1122 1421 1204 1473 aceto

192 1511 281 1581 teres,
304 1504 345 1561 ita
364 1510 398 1561 ut
416 1500 507 1561 colari
524 1504 627 1581 possit,
647 1510 737 1579 atque
755 1500 816 1561 illic
834 1500 934 1561 triduo
953 1519 1019 1561 esse
1037 1503 1204 1581 permittes,

192 1589 286 1651 donec
309 1588 405 1649 mellis
429 1589 654 1667 spissitudinem
677 1587 796 1669 habeat3
824 1598 925 1668 postea
954 1608 1021 1649 cera
1045 1588 1205 1668 liquefacta
1217 1604 1240 1645 ra

191 1686 221 1738 et
250 1696 403 1739 rosaceum
433 1677 544 1755 oleum,
573 1677 625 1737 sed
654 1695 722 1737 cum
751 1696 803 1737 sua
831 1696 898 1737 rosa
925 1680 1028 1738 tritum
1057 1678 1205 1738 adicietur

190 1776 219 1827 et
249 1766 336 1827 simul
360 1768 498 1827 universa
522 1766 694 1844 diligentius
717 1773 911 1826 conterentur
934 1774 1022 1844 atque
1046 1765 1205 1827 inductum

190 1857 221 1915 in
245 1874 342 1933 panno
366 1855 550 1915 medicamen
574 1854 669 1934 spleni
693 1853 739 1914 vel
762 1855 855 1914 iecori
878 1854 1052 1933 adponetur.

137 1955 170 2004 76
279 1942 358 2003 Picis
386 1943 478 2003 durae
507 1945 681 2022 sextarium,
710 1941 832 2003 sulfuris
860 1944 917 2003 vivi
948 1976 984 1986 -
1011 1942 1023 2001 l
1052 1942 1143 2002 simul
1169 1942 1204 2003 ad

191 2033 289 2108 ignem
313 2033 431 2091 remitte
455 2040 484 2091 et
507 2033 654 2108 permisce
679 2040 767 2110 atque
791 2033 821 2092 in
845 2031 947 2091 charta
966 2032 1080 2110 virgine
1100 2031 1240 2091 induc-so

189 2126 252 2178 tum
277 2117 372 2197 spleni
395 2117 523 2200 adpone3
552 2137 611 2178 non
636 2122 722 2196 prius
744 2119 938 2199 emplastrum
961 2119 997 2180 ab
1021 2138 1056 2180 eo
1080 2119 1204 2179 recedet

189 2224 277 2285 quam
300 2208 419 2285 penitus
442 2215 627 2285 personetur.

136 2309 168 2357 77
276 2294 320 2354 Ad
337 2294 470 2373 splenem
484 2296 649 2356 remedium
664 2294 922 2376 singulare,'qu0d
936 2296 973 2357 de
988 2297 1202 2375 experimentis

188 2382 320 2462 probatis
335 2383 513 2445 Gamalielus
531 2384 700 2463 patriarcba
720 2386 856 2463 proxime
875 2385 1013 2464 ostendit,
1033 2387 1090 2445 sic:
1113 2383 1200 2463 Lapi-

188 2472 233 2533 dis
245 2474 313 2533 rlssi
328 2476 443 2534 unciam
459 2490 549 2534 unam
564 2475 663 2552 semis,
679 2475 752 2533 visci
767 2475 902 2552 quercini
916 2476 1020 2534 uncias
1035 2491 1097 2554 sex,
1111 2472 1202 2533 calcis
1213 2489 1238 2529 aa

188 2563 269 2622 vivae
293 2564 395 2623 uncias
420 2570 490 2643 tres,
514 2560 571 2622 olei
594 2560 709 2621 cedrini
729 2562 847 2621 unciam
864 2580 962 2622 unam,
995 2560 1075 2622 llaec
1095 2580 1113 2622 a
1131 2560 1201 2622 luna

188 2657 268 2710 sexta
293 2650 406 2711 decima
430 2652 536 2711 confici
564 2657 594 2710 et
623 2650 713 2727 coqui
740 2648 863 2730 debent,
891 2650 1075 2710 omnifariam
1103 2658 1201 2710 nmen

188 2749 254 2817 post
277 2740 409 2817 quintam
433 2738 577 2799 decimam
595 2737 696 2798 lunam
716 2737 805 2797 debet
822 2739 879 2800 boe
899 2738 1082 2799 medicamen
1101 2740 1202 2817 parari

188 2834 218 2885 et
236 2837 294 2885 tam
310 2826 361 2886 diu
381 2828 478 2907 coqui,
498 2827 592 2887 donec
606 2825 715 2886 habeat
730 2828 859 2904 speciem
874 2826 1071 2906 malagmatis3
1092 2826 1200 2888 deinde

188 2912 324 2973 manibus
353 2912 450 2992 subigi
478 2925 508 2974 et
530 2914 632 2975 induci
655 2917 686 2974 in
710 2913 816 2992 pellem
840 2914 994 2976 alutaciam
1017 2924 1108 2994 atque
1131 2915 1237 2975 indeo

188 3009 292 3080 tepens
315 3001 380 3061 loco
405 3001 516 3081 splenis
540 3002 647 3082 adponi
671 3004 821 3082 fasciaque
839 3004 934 3085 ligari,
957 3011 991 3064 ut
1009 3003 1070 3064 illic
1089 3005 1200 3081 iugiter

187 3097 303 3150 maneat
326 3088 431 3151 diebus
456 3109 488 3150 ac
516 3090 655 3153 noctibus
680 3091 931 3173 quattuordecim,
957 3110 1013 3172 per
1036 3110 1113 3171 quos
1136 3091 1200 3152 dies

188 3178 394 3239 abstinendum
413 3178 525 3239 balneis
545 3188 575 3240 et
593 3180 708 3259 frigidis
728 3186 758 3240 et
776 3198 883 3241 venere
903 3188 933 3241 et
950 3182 1047 3259 pomis
1061 3180 1200 3240 omnibus

188 3278 217 3328 ct
240 3267 392 3328 holeribus
416 3275 445 3328 et
468 3267 605 3329 dulcibus
628 3270 790 3348 universis,
812 3277 912 3329 tamen
934 3275 1069 3349 tempore
1093 3267 1200 3329 hiemis

275 3473 416 3529 oscilliti.
481 3480 513 3528 12
533 3475 667 3529 ammoni.
729 3476 901 3532 recolorari
922 3475 1081 3531 Carnarius.
1136 3492 1199 3545 per·

186 3542 292 3597 miltes.
365 3550 398 3598 18
416 3543 512 3598 iocari.
585 3550 619 3597 24
637 3545 814 3611 gamelielns.
887 3552 921 3600 25
940 3546 1096 3615 querqnini.
