2609 4017
467 167 711 231 —189—

94 327 192 407 inludi,
218 330 269 406 qui
294 346 387 407 usque
411 347 446 388 eo
470 328 525 390 hac
547 329 683 390 molestia
706 338 863 410 vexantur,
887 338 921 391 nt
944 331 1095 392 interdum

94 426 120 475 et
136 419 208 477 ritae
226 417 393 495 pericnlum
412 417 531 498 adeant3
550 426 596 479 est
615 420 695 478 enim
709 419 814 478 vitium
829 437 888 480 non
903 427 1094 480 contemnen-

93 504 168 585 dum,
194 507 323 566 maxime
350 508 381 566 in
408 525 551 585 processu
579 509 694 568 aetatis.
740 505 855 578 Quibus
883 507 1014 569 dandum
1038 510 1095 568 orit

92 593 331 656 medicamentum
359 597 494 674 proximo
522 595 569 656 die
597 598 662 656 eius
690 598 799 677 noctis,
827 615 885 676 qua
915 595 1095 658 incubonem

70 682 271 763 sportulerint,
290 703 359 745 cum
376 683 562 745 intervallum
581 703 598 745 a
617 702 721 745 somno
739 685 867 746 iecerint
880 695 910 746 et
924 685 1004 765 qnod
1023 687 1095 747 satis

91 772 125 831 sit
146 771 407 834 deambulaverint.
446 772 516 834 llari
533 772 623 834 debet
640 791 678 834 ex
696 791 799 856 aquae,
821 775 854 834 in
872 792 931 854 qna
948 775 1096 855 hysopum

91 869 135 920 ant
151 861 337 923 marrubium
356 862 447 922 luerit
464 863 623 936 incoctum,
648 862 761 942 cyathis
785 869 927 942 quattuor
946 863 992 924 vel
1011 866 1095 943 quin-

92 966 143 1026 que
164 949 198 1009 ad
222 950 343 1029 pondus
365 950 481 1011 denarii
504 953 592 1012 unius
615 951 662 1012 vel
681 953 837 1032 victoriati,
863 959 952 1031 prout
976 971 1025 1012 res
1043 961 1096 1014 aut

91 1045 163 1098 aetas
180 1039 390 1120 postulaverit3
408 1039 514 1100 deinde
532 1048 600 1119 post
618 1040 707 1100 horas
727 1049 789 1100 tres
809 1039 854 1100 vel
873 1048 1012 1120 quattuor
1031 1059 1095 1102 cre·

60 1148 80 1186 10
93 1143 148 1185 mor
169 1128 304 1206 ptisanae
328 1136 379 1188 aut
402 1128 492 1189 altera
516 1128 641 1190 sorbitio
664 1128 736 1190 levis
761 1129 856 1191 detur.

170 1215 255 1277 Facit
284 1217 342 1278 hoc
369 1217 619 1279 medicamentum
646 1217 682 1278 ad
711 1236 776 1299 eos,
808 1236 937 1298 quorum
969 1217 1131 1280 musculic

93 1303 249 1366 maxillares
274 1324 343 1366 cnm
366 1308 494 1368 maximo
514 1307 616 1368 dolore
635 1308 713 1368 tensi
733 1315 802 1368 sunt
826 1307 908 1387 adeo,
926 1315 961 1368 nt
980 1309 1096 1387 aperire

93 1409 121 1450 os
141 1392 220 1454 nullo
242 1395 333 1456 modo
356 1397 484 1476 possint3
507 1403 629 1456 tetanon
651 1395 708 1457 hoo
732 1397 836 1457 vitium
857 1395 963 1457 Graeci
984 1397 1096 1459 dicunt.

92 1477 157 1540 Item
183 1483 255 1545 lacit
283 1483 321 1543 ad
349 1483 537 1564 depravatam
569 1484 673 1544 taciem
705 1486 736 1545 in
770 1484 942 1546 utramlibet
973 1494 1096 1567 partem,

62 1571 207 1646 ucynicon
230 1591 371 1653 spasmon
394 1573 451 1634 hoc
474 1572 564 1633 iidem
587 1571 736 1653 appellant
758 1591 853 1651 genus
877 1572 985 1653 morbi3
1013 1592 1095 1653 prae-

93 1658 170 1735 cipue
194 1680 265 1722 vero
288 1661 325 1722 ad
349 1663 480 1741 pectoris
503 1661 664 1740 laterisque
688 1661 805 1721 dolores
829 1661 950 1740 prodest
969 1679 1006 1721 er
1025 1680 1096 1740 qua-

94 1743 157 1808 libet
183 1768 273 1811 cansa
302 1751 395 1812 iactos
418 1753 480 1812 sive
503 1750 607 1811 latenti
630 1751 692 1811 sive
716 1749 883 1827 manifesta,
911 1759 945 1810 ut
967 1767 1003 1810 ex
1027 1768 1097 1810 casn

93 1832 181 1914 aliquo
199 1848 252 1900 ant
271 1858 362 1918 snpra
381 1842 460 1901 vires
478 1848 509 1901 et
528 1837 757 1918 supramodum
777 1837 916 1917 ponderis
930 1840 1097 1918 portatione

95 1922 135 1982 rel
154 1944 189 1986 ex
211 1930 403 2010 contusione,
431 1946 506 2007 quae
532 1928 705 2007 frequenter
728 1926 940 2006 gladiatoribus
963 1927 1097 1989 accidere

62 2010 121 2070 nin
141 2016 379 2092 praelusionibus
402 2017 486 2078 solet.
527 2015 588 2076 Nec
616 2018 715 2078 minus
743 2035 847 2078 eornm
870 2018 996 2076 maxime
1022 2018 1097 2078 sani-

94 2103 142 2161 tati
162 2109 314 2186 convenit,
343 2107 393 2185 qui
420 2105 526 2166 arbore
554 2104 612 2165 alta
639 2105 752 2186 delapsi
775 2113 846 2166 sunt
869 2103 915 2166 vel
938 2105 1025 2166 scalis
1049 2106 1098 2166 de·

95 2189 178 2252 voluti
199 2205 251 2257 ant
275 2196 395 2256 excussi
418 2194 487 2255 reda
511 2193 557 2253 vel
579 2195 731 2256 curriculo
754 2196 850 2257 tracti.
897 2193 956 2255 Sed
978 2195 1039 2275 his,
1067 2194 1098 2254 id

95 2285 135 2337 cst
151 2299 185 2340 ex
204 2283 361 2345 manifesta
380 2301 468 2344 causa
487 2285 608 2363 vexatis,
628 2302 697 2344 cnm
714 2285 791 2344 aceti
805 2282 917 2363 cyathis
936 2283 1034 2344 tribus
1053 2282 1098 2343 vel

96 2376 225 2443 quattuor
253 2371 350 2433 danda
377 2374 436 2432 erit
462 2371 626 2452 antidotus3
653 2371 701 2432 his
729 2391 812 2452 vero,
841 2373 893 2450 qni
919 2390 954 2432 cx
982 2370 1098 2433 occulta

63 2466 174 2518 branse
196 2459 343 2542 laborant,
365 2479 401 2521 ex
425 2479 500 2540 aqua
524 2461 618 2521 mulsa
642 2459 775 2539 proderit
798 2461 873 2520 data.

174 2547 333 2612 Praeterea
350 2567 510 2610 nervorum
529 2548 716 2610 tensionibus
735 2556 765 2608 et
782 2545 1035 2607 contractionibus
1057 2553 1097 2606 at·
1117 2559 1132 2605 c

96 2647 146 2709 quc
164 2635 317 2700 doloribus
336 2637 475 2698 omnibns
492 2639 617 2698 mirifice
636 2637 782 2697 convenit.
816 2634 1013 2706 Quamobrem
1029 2635 1099 2695 lacit

96 2727 121 2778 ct
143 2723 176 2784 ad
199 2727 344 2789 tremulos
367 2726 456 2788 etad
480 2726 660 2787 sideratione
683 2731 841 2803 temptatos
863 2721 1016 2803 utralibet3
1041 2741 1098 2783 una

97 2811 167 2872 euim
190 2833 259 2877 cum
282 2817 499 2897 contractione,
527 2815 618 2876 altera
647 2831 714 2874 cum
741 2813 916 2874 remissione
940 2829 1099 2872 nervorum

66 2905 286 2986 ttconspioitum
308 2904 466 2984 paralysim
489 2904 546 2964 hoc
569 2911 731 2982 utrumque
755 2903 859 2963 vitium
877 2901 983 2962 Graeci
1001 2901 1099 2981 appel-

98 2981 159 3048 lant
191 2992 236 3054 dd
260 2993 338 3073 quod
363 2995 452 3054 etiam
475 3011 543 3054 cum
566 2994 699 3071 correpti
721 2999 790 3052 sunt
811 2992 932 3070 prodest
952 3010 988 3051 ex
1007 3009 1099 3071 aquae

98 3075 200 3141 mohac
219 3081 333 3162 cyathis
351 3081 448 3143 tribus
467 3088 644 3161 quattuorve
664 3080 765 3141 datum
786 3081 822 3141 ad
846 3080 962 3160 pondus
985 3080 1101 3141 denarii

99 3165 179 3227 nnius
196 3179 248 3232 aut
261 3170 556 3232 victoriati‘admixto
571 3171 700 3231 castorei
714 3169 828 3230 denarii
847 3171 979 3230 semisse.
1009 3168 1099 3228 Prod-

100 3260 189 3318 estet
211 3260 248 3320 ad
270 3260 458 3321 articularem
481 3258 628 3340 morbum,
651 3277 740 3338 quem
760 3256 908 3319 arthritim
927 3256 1033 3317 Graeci
1052 3274 1100 3334 ap·

183 3471 214 3521 lt
228 3470 260 3521 nt
273 3483 287 3521 e
300 3466 439 3523 Scribam:
454 3468 503 3521 eut
513 3467 673 3522 Gorocrics.
722 3468 754 3517 18
768 3461 926 3532 portatione
938 3478 951 3516 e
961 3459 1101 3518 Scribens

103 3533 199 3593 portati
218 3537 377 3595 Omaarice.
449 3542 484 3593 20
503 3537 623 3592 maxime
641 3535 784 3592 &leodem
801 3533 916 3589 videtur.
