2609 4017
592 230 629 241 —
679 193 833 259 308-

151 371 184 420 14
204 359 271 437 quis
294 357 400 437 laqueo
423 360 512 419 vitam
531 358 650 419 finierit
684 355 787 418 Colum
807 363 892 417 sanat
909 372 978 415 cum
995 352 1098 432 pinnis
1115 368 1212 429 upupa

203 454 308 508 exusta
326 454 357 508 el
376 465 411 509 ex
430 449 499 507 vino
518 448 594 508 cinis
613 449 678 508 eius
696 447 782 525 potui
799 444 900 524 datus3
917 440 1113 503 hirundinum
1127 442 1213 500 etiam

203 545 320 597 stercus
339 537 371 595 in
390 535 456 597 cibo
475 535 522 596 vel
540 538 571 597 in
589 543 664 615 potu
682 543 835 613 sumptum
852 532 958 595 tribuit
971 529 1036 592 colo
1051 530 1212 591 sanitatem.

153 636 186 687 15
294 623 358 685 lloc
381 623 547 685 antidotum
568 626 630 685 sive
649 625 832 703 oxyporium,
856 621 936 702 quod
954 620 1081 698 buiagos
1098 618 1213 698 dicitur,
1283 641 1284 644 ¹

204 713 274 773 facit
307 712 343 773 ad
378 712 436 773 coli
465 712 632 775 inflationes
661 720 692 773 et
719 711 755 773 ad
785 711 995 790 digestionem,
1024 708 1105 769 unde
1131 722 1236 768 manes

202 803 322 862 ieiunus
351 804 480 881 accipies
508 804 654 882 catapotia
679 803 737 862 tria
760 799 965 879 magnitudine
988 799 1075 877 grani
1097 798 1213 876 piperis.

203 887 368 951 Conficitur
390 892 448 952 sic:
484 889 614 970 Napetae
644 919 679 936 —·
700 889 754 969 ΙΙΙ,
776 889 858 968 pulei
880 890 990 949 veteris
1015 919 1054 930 —
1075 885 1125 967 ΠΙ,
1145 885 1215 965 liby-

204 978 273 1039 stici
297 979 419 1041 seminis
441 1012 480 1025 —
500 979 563 1060 ΙΙΙΙ,
586 978 814 1059 petrosilini-
835 978 857 1059 Ι,
879 979 940 1057 apii
963 976 1086 1038 seminis
1104 974 1170 1035 -l
1186 974 1215 1053 S,

202 1067 296 1146 thymi
322 1100 360 1111 -—
381 1067 408 1149 1,
435 1070 548 1149 piperis
574 1100 611 1113 —
633 1066 684 1149 Vl,
712 1067 809 1128 mellis
836 1068 941 1147 optimi
968 1084 1029 1126 non
1052 1064 1216 1143 despumati

203 1155 283 1235 quod
311 1157 441 1219 sufficiat
468 1157 503 1218 ad
532 1156 792 1235 concorporandas
817 1163 847 1217 et
870 1154 1079 1235 temperandas
1103 1154 1248 1232 specioso
1284 1205 1285 1230 ,

202 1244 349 1307 adicietur
372 1253 402 1307 et
425 1248 457 1306 in
480 1245 559 1307 doho
583 1248 678 1306 vitreo
697 1245 843 1306 condetur
862 1244 919 1307 sub
938 1242 1091 1323 signaculo
1110 1241 1216 1302 haben·

203 1333 284 1414 dum,
299 1336 377 1395 sicut
390 1351 605 1414 usquequaque
620 1334 725 1395 haberi
739 1334 850 1396 debent
862 1335 1002 1395 universa
1015 1332 1215 1393 medicamina.
1284 1327 1285 1402 J

150 1434 183 1484 16
291 1421 336 1482 ad
359 1421 438 1484 ileon
463 1423 510 1483 vel
533 1423 631 1485 colum
653 1423 743 1484 bacas
765 1422 840 1484 lauri
865 1431 932 1485 octo
956 1421 1097 1484 concides
1120 1428 1152 1481 et
1169 1437 1215 1480 co

206 1528 281 1589 ques
303 1513 335 1571 in
359 1513 420 1572 vini
444 1510 597 1574 subdulcis
620 1511 736 1591 cyathis
758 1511 856 1573 tribus
878 1520 909 1572 et
931 1511 1107 1572 calefactum
1128 1527 1164 1569 ex
1181 1526 1216 1568 eo

155 1613 186 1660 17
206 1600 347 1679 poculum
366 1602 466 1662 ieiuno
484 1600 647 1662 bibendum
666 1600 758 1662 dabis.
789 1600 877 1662 Croci
890 1594 930 1688 ,Φ
945 1600 981 1681 ll,
997 1616 1116 1679 myrrae
1131 1590 1248 1684 {Mlti

206 1691 266 1768 opii
285 1682 325 1776 ,Φ
345 1688 371 1771 l;
395 1690 509 1769 singula
530 1708 665 1770 quaeque
684 1696 765 1751 teres
784 1692 942 1769 separatim
961 1696 992 1749 et
1008 1694 1114 1768 postea
1132 1684 1217 1747 simul

205 1786 307 1855 parata
333 1780 365 1839 in
393 1797 469 1858 aqua
496 1777 638 1840 miscebis
665 1785 755 1857 atque
780 1780 812 1839 in
835 1778 955 1839 modum
978 1776 1063 1838 fabae
1085 1774 1216 1855 pastillos

207 1865 301 1926 factos
333 1868 364 1927 in
397 1884 486 1929 anum
514 1869 633 1942 ibides,
663 1869 739 1928 mire
767 1867 831 1928 colo
859 1865 1050 1928 remediando
1077 1864 1217 1944 proderit

152 1966 185 2016 18
206 1953 359 2015 Satureiae
383 1955 520 2018 surculos
538 1955 566 2016 X
583 1956 671 2017 tofles
693 1955 791 2017 tribus
810 1956 923 2036 digitis,
946 1962 1084 2016 conteres
1103 1961 1134 2014 et
1152 1955 1217 2013 rino
1285 2009 1286 2038 p

203 2042 327 2102 Amineo
351 2044 468 2105 sincero
492 2047 600 2107 mixtos
624 2044 689 2106 colo
708 2043 855 2106 laboranti
877 2044 961 2106 dabis
982 2043 1138 2124 bibendos,
1162 2045 1250 2103 siu-u
1285 2045 1286 2102 l

204 2147 307 2190 cerum
332 2133 384 2208 qui
406 2131 517 2193 biberit
540 2136 712 2212 experietur
734 2134 908 2195 remedium.
1285 2195 1286 2210 ,

155 2232 187 2281 19
296 2217 393 2280 Publii
415 2220 551 2300 pastillus
575 2222 702 2284 colicus:
729 2223 797 2301 Apii
820 2224 942 2283 seminis
964 2222 1123 2303 heminam,
1147 2220 1218 2280 feni·
1285 2225 1286 2256 Ι

204 2305 265 2368 culi
296 2309 418 2370 seminIs
446 2313 644 2392 quartarium,
672 2313 785 2392 piperis
812 2329 904 2390 grana
926 2309 1045 2391 xxvii,
1072 2310 1218 2370 satureiae

203 2395 287 2457 floris
309 2395 356 2457 vel
379 2400 501 2459 seminis
526 2402 723 2481 quartarium;
747 2402 846 2461 omnia
868 2400 942 2461 haec
963 2398 1122 2478 diligenter
1140 2406 1218 2459 teres

205 2493 235 2546 et
258 2485 398 2548 eriblabis
422 2494 544 2550 etcum
566 2491 671 2569 pipere
693 2488 771 2550 bene
789 2491 862 2550 trito
880 2486 1089 2569 permiscebis3
1113 2485 1250 2564 deindess

204 2576 236 2634 in
265 2577 407 2639 mortario
436 2579 533 2638 omnia
561 2579 674 2656 pariter
701 2596 770 2639 cum
793 2580 861 2638 rinc
885 2585 985 2639 vetere
1009 2584 1155 2656 quantum
1178 2575 1217 2636 di·

204 2661 345 2741 ligentius
368 2672 448 2726 teres
472 2674 502 2726 et
525 2665 615 2727 facies
638 2665 772 2745 pastillos
795 2664 860 2746 XV,
889 2684 965 2745 quos
987 2664 1129 2746 siccabis;
1153 2682 1218 2726 cum

205 2754 309 2814 siccati
333 2752 457 2835 luerint,
486 2755 617 2833 singulos
640 2754 773 2835 pastillos
796 2754 854 2816 coli
877 2754 979 2816 dolore
1001 2752 1151 2815 laboranti
1174 2752 1218 2814 da·

205 2839 251 2899 bis
276 2840 388 2902 solutos
411 2844 443 2903 in
467 2845 562 2905 ternis
586 2843 700 2923 cyathis
723 2845 785 2904 vini
808 2846 917 2905 veteris
941 2842 1040 2924 calidi,
1066 2843 1120 2903 sed
1144 2843 1217 2904 bene

205 2944 257 2987 eos
276 2927 381 3012 solves,
400 2938 434 2992 ut
452 2938 548 2993 totum
568 2932 648 2994 ebibi
666 2934 775 3014 possit3
798 2932 908 3012 pastilli
928 2940 1028 2993 autem
1046 2934 1129 3012 paris
1147 2950 1218 3011 pon·
1229 2942 1252 2984 ω

204 3015 285 3077 deris
308 3034 374 3077 esse
397 3018 515 3083 debent.

152 3118 186 3168 20
295 3104 400 3168 Salicis
423 3107 561 3170 foliorum
585 3109 737 3188 dragmam
758 3127 826 3171 cum
844 3111 958 3191 piperis
976 3111 1077 3188 granis
1096 3108 1168 3169 XXl
1185 3128 1218 3170 er

204 3196 273 3255 vino
296 3194 455 3274 diligenter
478 3204 558 3259 teres
582 3206 613 3259 et
635 3199 735 3259 triduo
758 3205 821 3260 tres
843 3200 981 3277 potiones
1004 3217 1042 3258 ex
1062 3217 1098 3259 ec
1117 3198 1219 3260 biben-

295 3350 445 3420 1ulpupa.
504 3350 735 3406 ahcmndinunc
795 3351 901 3420 aputu
920 3352 1057 3420 sumptus.
1121 3350 1218 3406 alibi·

205 3418 276 3473 siici.
386 3426 421 3476 20
440 3421 628 3478 eoloreboreti
645 3427 696 3477 1m
713 3437 784 3479 corr.
802 3427 863 3479 2m.
953 3427 987 3476 22
1005 3421 1102 3477 Publii
1120 3421 1218 3492 pentil-

203 3487 477 3615 {ddsshomhofoffi
495 3492 629 3616 pastillos
653 3491 732 3548 duos.
858 3496 893 3547 25
917 3493 946 3548 eb
968 3496 1029 3548 ium
1046 3493 1132 3563 piper
1149 3495 1218 3550 bene

305 3600 311 3612 .
436 3579 494 3630 pun
515 3578 577 3618 ens.
