2609 4017
591 177 832 242 -ara-
1272 154 1273 246 l

200 339 299 419 lingua
323 339 430 400 habeto
455 349 485 400 et
508 339 642 420 salivam,
673 359 749 419 quae
777 341 917 418 creverit,
945 339 1130 420 transglutti,
1157 356 1215 417 quo
1273 338 1274 396 l

200 428 278 489 facto
302 447 399 509 neque
423 430 507 489 sities
531 447 629 508 neque
653 447 687 489 os
710 428 765 490 tibi
787 431 945 490 inarescet.

148 528 182 576 42
290 517 334 578 ld
363 517 512 597 singultus
538 517 717 578 inhibendos
745 518 904 598 festucam,
933 534 1021 596 quam
1050 515 1160 576 bibens
1187 517 1217 574 in
1274 522 1275 564 4

201 606 293 666 calice
312 608 474 685 acceperis,
492 608 631 685 protinus
650 605 811 685 supercilio
830 609 952 667 sinistro
970 607 1129 685 imponit03
1149 622 1216 664 con-

148 706 182 754 43
201 697 286 755 tiuuo
309 693 476 755 remedium
494 697 667 773 experieris.
701 694 735 755 lu
754 713 860 775 aquarn
878 694 1002 756 calidam
1021 711 1127 754 manus
1148 695 1215 753 mis·
1239 711 1248 751 a
1275 704 1276 726 ³

201 800 251 843 sae
275 783 386 861 diuque
409 783 470 844 illic
492 791 627 844 retentae
650 783 800 864 singultus
823 783 992 846 crebriores
1015 781 1154 842 inhibere
1176 780 1215 840 di-

148 883 184 931 44
202 880 320 932 cuntur.
356 872 473 933 namus
495 874 527 932 in
550 875 672 934 sinistra
695 892 784 934 manu
809 875 840 933 in
863 872 960 933 medio
985 871 1076 950 digito
1100 872 1217 949 positus
1276 888 1277 922 t

147 971 182 1020 45
201 960 247 1020 vel
269 959 380 1022 ibidem
402 961 564 1023 translatus
587 961 737 1040 singultus
760 964 860 1022 statim
885 963 1056 1040 compescit.
1094 959 1128 1019 Si
1152 961 1216 1038 quis

201 1048 379 1127 singultiens
397 1052 475 1110 aceti
493 1049 623 1111 scillitici
642 1052 775 1112 cocleare
795 1051 915 1129 plenum
936 1050 1094 1130 acceperit,
1118 1050 1216 1108 statim

201 1139 359 1217 singultire
386 1138 515 1219 desinet3
547 1139 627 1200 idem
654 1147 787 1219 praestat
814 1148 844 1199 et
871 1156 965 1218 aquae
993 1140 1064 1198 satis
1092 1137 1215 1216 frigidae
1228 1155 1249 1193 o

202 1226 344 1287 adsiduus
367 1235 504 1306 gustatus
524 1229 599 1289 etsi
618 1230 686 1307 quis
705 1230 844 1308 spiritum
862 1229 1026 1289 introrsum
1047 1235 1170 1286 revocet
1188 1233 1215 1284 et
1278 1254 1279 1266 ¹

202 1314 382 1394 aliquamdiu
402 1318 561 1397 contiueat,
581 1316 719 1378 similiter
735 1315 949 1378 remediabitur
962 1334 1018 1376 nec
1032 1316 1133 1375 minus
1147 1313 1215 1373 huic

202 1405 248 1463 rei
269 1402 393 1483 prodest
416 1412 658 1466 sternumentum
681 1408 712 1467 iu
736 1417 870 1484 tempore
894 1406 1062 1466 excitatum.

148 1501 183 1552 44
291 1492 406 1554 Herbae
434 1496 590 1573 trixaginis
618 1503 761 1556 contusae
788 1498 820 1555 in
846 1494 943 1573 lignea
971 1493 1030 1572 pila
1053 1510 1147 1552 sucus
1171 1510 1216 1551 ex·

200 1598 325 1660 pressus
352 1601 421 1642 cum
448 1584 516 1643 vino
545 1582 640 1643 calido
668 1586 753 1662 potui
779 1583 866 1644 datus
895 1593 999 1662 ruptos
1027 1584 1089 1642 sive
1117 1578 1250 1640 vulsosra
1280 1622 1281 1668 ,

149 1680 182 1730 47
203 1678 234 1730 44
264 1673 445 1731 reumaticus
478 1671 640 1732 efficaciter
674 1680 766 1736 sanat.
811 1674 1030 1751 Asparagorum
1062 1668 1149 1729 radix
1183 1668 1217 1728 ad
1280 1671 1281 1676 ’

201 1758 319 1838 pondus
347 1758 538 1821 denariorum
566 1761 694 1822 duorum
723 1771 753 1822 et
774 1760 924 1822 brassicae
950 1758 1019 1821 folia
1042 1757 1216 1819 tantundem
1281 1804 1282 1852 ,

201 1844 360 1908 mensurae
388 1851 516 1909 contrita
544 1859 632 1928 atque
661 1869 697 1910 ex
720 1852 789 1911 vino
812 1853 898 1929 nigro
921 1849 968 1910 vel
990 1857 1111 1908 austero
1136 1848 1217 1926 potui
1281 1853 1282 1862 ’

149 1946 184 1995 48
204 1934 270 1995 data
294 1935 386 1996 vulsis
409 1945 439 1997 et
461 1939 634 1999 reumaticis
657 1940 783 2000 mirifice
801 1947 937 2018 prosunt.
970 1937 1003 1997 ln
1021 1936 1091 2016 pila,
1109 1938 1143 1995 in
1163 1953 1216 2015 qua
1282 1988 1283 2022 ,

202 2023 386 2084 frumentum
409 2026 559 2105 tunditur,
587 2027 893 2107 quantulumcumque
922 2026 1054 2087 sordium
1077 2032 1132 2085 aut
1154 2022 1250 2102 pul-ao
1282 2023 1283 2062 l

93 2131 96 2136 ·
202 2113 281 2171 veris
308 2113 458 2173 inveneris
486 2113 591 2192 collige
618 2118 751 2195 itemque
778 2120 810 2177 iu
838 2135 873 2176 eo
900 2115 965 2177 loco
994 2115 1040 2174 vel
1061 2114 1215 2191 foramine,

202 2201 234 2259 in
253 2217 311 2277 quo
331 2202 437 2262 ianuae
456 2203 570 2280 pessuli
588 2204 784 2286 descendunt,
803 2204 949 2284 quidquid
967 2204 1141 2283 reppereris
1161 2201 1216 2262 col-

201 2287 260 2366 lige
287 2297 317 2349 et
345 2290 377 2349 in
403 2308 497 2351 unum
525 2295 672 2371 permisce
700 2303 731 2355 et
758 2297 847 2355 tacite
875 2292 922 2354 vel
950 2291 1066 2353 occulto
1095 2290 1162 2351 loco
1189 2292 1216 2349 iu

202 2378 353 2455 potionem
382 2386 434 2439 aut
461 2379 562 2442 cibum
589 2381 666 2443 vulsi
693 2381 854 2444 laborantis
887 2385 1042 2462 insperge3
1075 2381 1215 2440 continuo

150 2476 185 2526 49
203 2465 314 2527 malum
337 2467 481 2547 dolorque
505 2470 666 2531 sedabitur.
702 2470 856 2551 Serpentis
878 2480 1025 2548 senectus,
1049 2469 1079 2529 id
1104 2478 1154 2529 est
1170 2484 1249 2527 ‹ax-ra

203 2557 303 2638 uriae,
331 2555 399 2617 licio
428 2556 562 2636 alligatae
590 2567 620 2620 et
643 2558 727 2620 vulso
751 2559 951 2621 circumdatae
979 2561 1053 2619 mire
1081 2565 1216 2636 prosunt.

150 2655 186 2705 to
205 2644 327 2706 Stercus
346 2648 441 2706 verris
458 2649 556 2726 primo
575 2665 644 2708 vere
659 2647 816 2710 collectum
831 2649 1054 2726 arefactumque
1068 2655 1100 2706 et
1115 2648 1217 2706 tritum

203 2736 234 2793 in
256 2736 376 2813 potione
400 2734 502 2796 datum
525 2736 730 2798 efficacissime
753 2737 854 2798 vulsos
878 2746 908 2798 44
926 2737 1106 2797 reumaticus
1126 2743 1215 2794 sanat.

150 2832 185 2882 41
293 2821 337 2881 nd
362 2840 427 2903 coS,
451 2826 503 2901 qui
526 2827 700 2903 sanguinem
723 2845 778 2906 per
801 2845 835 2886 os
860 2828 1023 2906 proiciunt,
1051 2823 1217 2883 remedium

203 2908 275 2969 tale:
307 2908 414 2970 Testae
444 2914 530 2972 nucis
557 2916 678 2975 maioris
706 2914 867 2976 conbustae
895 2913 1055 2992 diligenter
1081 2920 1249 2972 teranturu

204 3004 234 3057 44
257 3015 325 3057 cum
349 3005 433 3058 aceto
457 2999 578 3080 deutur3
603 3000 653 3062 sed
674 3004 700 3062 si
718 3002 877 3083 febricitat,
898 3005 948 3064 cui
965 3000 1148 3062 medendum
1165 3009 1216 3078 est,

203 3103 272 3146 cum
299 3104 390 3165 posca
417 3089 542 3166 accipiat
569 3109 624 3169 pro
652 3091 753 3173 modo,
782 3100 817 3153 ut
839 3110 945 3153 causae
969 3097 1039 3151 sunt
1062 3097 1115 3150 ant
1138 3098 1217 3149 aetas

203 3176 294 3236 unius
318 3177 464 3255 cuiusque
487 3179 614 3260 patitur,
641 3180 672 3240 id
696 3189 742 3241 est
765 3190 798 3241 ut
821 3183 910 3243 unius
933 3182 1019 3240 nucis
1046 3186 1141 3239 testae
1169 3185 1217 3238 aut

204 3263 329 3324 duarum
354 3263 398 3324 vel
423 3267 511 3326 etiam
534 3269 624 3327 trium
649 3269 766 3330 dentur.

292 3399 467 3455 tinarescit.
555 3403 727 3458 3fistucam.
811 3404 987 3476 bsingnltis.
1075 3401 1217 3458 9scilliti.

203 3469 401 3608 ddtldibgonis'
479 3477 513 3526 20
532 3474 825 3544 quantulumcumque.
907 3481 941 3529 23
961 3475 1072 3532 occulte
1090 3475 1155 3529 loca
1173 3473 1219 3528 vel

284 3557 302 3593 4
320 3558 356 3595 m.
783 3579 789 3593 .
