2609 4017
494 177 531 187 -
580 142 735 207 259-

193 302 346 365 Conlectio
370 304 482 365 conditi
505 304 645 383 nesritioi,
669 304 748 382 quod
772 304 843 365 iacit
865 305 902 365 ad
920 304 1053 365 dolorem
1072 324 1118 367 re·
1137 320 1172 371 34

95 395 199 473 nium,
229 395 255 453 si
283 392 381 472 aliquo
410 412 480 454 casu
504 396 600 454 vexati
624 393 749 474 fuerint,
779 401 809 454 et
832 394 869 454 ad
892 396 1024 455 vessicae
1047 414 1117 473 pur-

94 484 252 559 gationem
271 490 302 543 11
320 500 356 542 ex
376 500 410 543 ea
428 482 557 543 calculos
573 482 618 543 vel
633 482 770 543 sablones
786 483 946 564 eiciendos,
966 485 1023 544 sic:
1042 482 1117 543 ller-

94 570 156 631 bae
181 573 347 631 vettonicae
370 604 408 614 —
429 571 450 653 l,
474 571 583 632 herbae
608 571 771 651 saxifragae
792 572 875 652 -Ι,
898 572 1018 653 herbae,
1041 591 1117 651 quae

65 677 78 716 1
94 659 269 738 appellatur
284 659 394 721 Graece
414 679 528 742 asaron,
548 663 740 741 semunciam,
758 663 880 722 seminis
897 661 985 722 dauci
998 680 1117 722 semun-

94 752 192 828 ciam,
221 750 343 809 seminis
370 749 543 827 petroselini
566 748 749 810 Macedonici
772 752 905 826 unciam,
928 753 1010 811 croci
1035 784 1073 793 —
1095 750 1117 830 l,

95 840 203 917 spicae
227 838 312 899 nardi
330 872 375 880 —
393 837 414 919 l,
437 840 550 917 piperis
571 870 609 881 -
630 838 667 919 ll,
689 840 750 898 vini
774 838 892 899 candidi
916 842 1019 918 optimi
1038 847 1118 899 vete·

94 929 143 987 ris
168 929 314 988 sextarios
338 946 399 1009 sex,
422 926 517 987 mellis
541 926 707 1005 despumati
731 928 836 1007 optimi
854 925 886 987 81
905 927 931 1009 l;
955 928 1034 1007 quod
1060 928 1117 989 hoc

93 1016 190 1077 modo
215 1016 452 1097 despumabitur,
477 1024 510 1076 ut
532 1017 667 1076 mittatur
690 1018 722 1076 in
745 1016 833 1076 ollam
856 1024 885 1077 et
908 1019 1034 1096 accipiat
1057 1019 1117 1077 vini

51 1124 78 1161 10
94 1124 209 1185 parum
233 1105 269 1166 de
293 1124 384 1185 supra
408 1107 518 1184 scripta
541 1123 682 1165 mensura
705 1112 825 1166 etcum
848 1107 982 1183 coeperit
1000 1106 1118 1186 bullire,

95 1212 209 1274 spuma
223 1197 319 1255 omnis
334 1194 454 1255 cocliari
468 1194 608 1273 paulatim
622 1193 752 1254 tollatur.
775 1193 892 1255 Herbae
904 1202 1003 1255 autem
1013 1213 1117 1256 omnes

95 1287 131 1344 in
152 1283 212 1362 pila
231 1284 408 1365 tunduntur,
427 1282 564 1344 similiter
579 1290 608 1343 et
623 1301 754 1364 crocum,
773 1283 825 1344 sed
845 1284 1003 1362 se'paratim
1018 1285 1117 1344 omnia

95 1382 131 1434 et
156 1372 278 1433 orihello
301 1374 477 1433 tenuissimo
501 1380 668 1432 cernuntur
690 1390 807 1433 necnon
831 1380 861 1433 et
884 1374 970 1452 piper
994 1375 1116 1454 teritur3

96 1480 179 1541 quae
204 1464 301 1522 omnia
325 1470 407 1523 creta
431 1461 518 1522 simul
542 1464 572 1521 in
595 1464 772 1522 mortarium
799 1464 961 1522 mittuntur
988 1469 1018 1521 et
1046 1480 1116 1541 pau·

53 1568 80 1606 11
95 1552 185 1611 latim
204 1552 273 1611 vino
292 1550 405 1611 adiecto
426 1549 583 1629 diligenter
602 1558 750 1611 teruntur.
781 1549 863 1620 Quae
883 1569 952 1610 cum
970 1552 1040 1611 trita
1054 1550 1116 1610 fne-

97 1643 176 1721 rint,
202 1639 347 1701 adicietur
372 1638 482 1700 etmel
506 1647 536 1699 11
559 1640 661 1700 vinum
684 1646 780 1699 totum
804 1657 894 1718 supra
918 1640 1064 1717 seriptum
1087 1646 1117 1699 et

97 1729 261 1807 diligenter
279 1728 518 1807 permiscebitur,
541 1736 644 1806 postea
664 1727 809 1787 condetur
827 1729 860 1787 in
878 1728 996 1788 vasculo
1016 1745 1116 1787 11111-

96 1820 200 1899 nario;
224 1836 292 1878 cum
315 1826 414 1879 autem
437 1818 527 1879 luerit
546 1818 749 1877 necessarium
767 1815 943 1897 remedium,
965 1818 1117 1895 potionem

96 1910 132 1967 in
156 1908 275 1986 pisiuno
300 1907 390 1967 calice
415 1906 496 1967 calda
520 1908 646 1966 mixtam*
662 1906 763 1966 ieiuno
782 1905 866 1965 dabis
885 1904 1052 1984 bibendam,
1075 1907 1117 1965 ita

54 2004 134 2057 1111
159 2004 281 2075 accepta
304 1998 424 2076 potione
447 2002 590 2055 vectetur.

191 2084 236 2144 hd
255 2084 401 2146 calculum
420 2082 586 2144 remedium
605 2083 710 2143 efficax
728 2085 785 2144 sic:
807 2082 913 2143 Nuclei
931 2084 1011 2163 pinei
1026 2102 1117 2163 grana
1135 2093 1169 2143 35

97 2181 227 2254 purgata
250 2172 345 2252 XXX,
373 2171 516 2252 palmulas
539 2180 680 2252 purgatas
702 2172 816 2233 insusas
839 2170 904 2253 XV,
930 2172 1117 2251 tragacanthi

100 2258 142 2351 y·
164 2261 242 2344 XVl,
270 2262 339 2323 mali
364 2263 480 2342 granati
503 2260 598 2321 dulcis
622 2279 727 2322 sucum
751 2254 887 2347 pull,
916 2264 997 2322 11111
1021 2254 1061 2347 ,01
1080 2261 1115 2340 ll,

98 2371 219 2433 myrrae
231 2345 270 2438 9·
280 2352 315 2413 ll.
335 2350 414 2412 Haec
424 2352 563 2411 universa
577 2357 702 2410 contusa
717 2358 748 2410 et
762 2349 858 2410 soluta
867 2352 898 2410 in
909 2368 941 2410 se
951 2352 1116 2411 miscentur

55 2451 132 2503 1111
152 2460 189 2502 ex
207 2441 254 2502 his
273 2442 325 2521 qui
343 2439 457 2501 calculo
475 2438 590 2499 laborat
610 2456 697 2499 mane
716 2440 835 2498 ieiunus
854 2440 981 2517 accipiet
1000 2438 1117 2499 coclear

100 2549 206 2611 unum,
227 2532 268 2591 ita
291 2536 326 2589 ut
348 2548 408 2590 non
426 2527 586 2589 manducet
603 2544 700 2604 usque
718 2526 808 2586 horas
827 2525 945 2605 prandii
966 2525 1115 2586 tardioris.

192 2618 236 2678 Ad
251 2618 453 2680 reniculorum
468 2616 601 2677 dolorem
611 2614 777 2675 remedium
786 2614 978 2674 utilissimum
988 2616 1045 2675 sio:
1060 2614 1115 2675 Cu·
1135 2626 1168 2675 36

101 2710 234 2769 cumeris
252 2710 317 2768 veri
336 2726 438 2767 semen
456 2709 488 2767 in
502 2712 579 2766 testa
593 2722 687 2783 pones
702 2720 793 2783 super
807 2702 952 2764 carbones
966 2704 1057 2783 vivos,
1075 2706 1115 2763 ita

101 2804 136 2859 ut
156 2804 320 2877 temperate
340 2803 483 2857 eximatur
501 2812 599 2873 neque
617 2796 707 2853 nimis
725 2811 822 2871 neque
842 2810 957 2873 parum,
976 2800 1061 2853 etex
1080 2810 1115 2852 11

56 2901 84 2940 ao
102 2879 143 2972 9·
158 2883 214 2946 Xll
233 2893 264 2947 11
282 2885 393 2947 malvae
413 2886 535 2945 seminis
551 2876 590 2969 9·
605 2881 671 2941 XVI
689 2890 719 2942 11
733 2881 901 2962 amygdalae
915 2900 1031 2942 amarae
1046 2900 1115 2962 pur-

100 2983 186 3055 gatae
215 2968 407 3061 }XXXVI.
448 2972 527 3034 Haec
556 2973 715 3052 separatim
743 2980 829 3032 tunsa
858 2990 927 3033 cum
949 2973 982 3032 in
1004 2974 1115 3033 tenuis-

101 3067 210 3125 simum
234 3063 387 3143 pulverem
410 3063 530 3123 redacta
553 3061 678 3135 fuerint,
707 3061 795 3121 simul
820 3063 943 3122 misceto
967 3069 997 3122 et
1021 3079 1056 3121 ex
1080 3078 1115 3120 eo

101 3171 172 3215 cum
199 3152 371 3233 hepsemae,
399 3152 430 3212 id
458 3159 503 3213 est
531 3168 632 3231 sapae,
661 3150 765 3229 cyatho
794 3150 928 3211 cocleare
955 3167 1048 3211 unum
1078 3149 1115 3208 de

100 3260 189 3302 mane
213 3244 312 3303 ieiuno
337 3241 419 3302 dabis
443 3238 613 3302 bibendum.

193 3384 210 3431 4
230 3376 395 3447 saxiiregae.
468 3378 483 3428 ὃ
503 3390 593 3428 saron.
668 3379 683 3427 7
703 3372 818 3428 conditi.
897 3378 930 3426 17
950 3370 1115 3426 carcerario

100 3450 215 3519 scripsi:
234 3446 380 3503 carinario.
458 3452 492 3499 22
511 3444 661 3501 bracanlhi.
738 3450 773 3499 26
790 3459 878 3511 usque
897 3442 935 3497 ad
954 3443 1107 3498 0111111111

102 3527 137 3576 30
156 3520 324 3591 amigdalae.
406 3524 439 3573 33
458 3516 621 3587 hepsemae]
641 3515 768 3585 ipsimae.

902 3603 956 3658 17*

1173 3697 1262 3805 p

1165 3876 1170 3909 l
