2609 4017
476 139 628 256 -eor
678 225 716 236 -

89 354 216 412 mixtum
240 360 270 412 et
292 359 539 431 concorporatum
563 352 674 413 videris
697 353 888 433 medicamen,
911 351 948 412 ab
968 354 1037 431 igne
1056 370 1102 412 re·

89 440 223 501 movebis
255 448 286 501 et
312 443 413 501 mittes
441 443 472 501 in
500 441 589 520 pilam
616 441 743 519 ligneam
771 448 860 520 atque
882 439 943 500 illic
967 449 1026 501 tam
1050 440 1102 502 diu

89 530 219 609 battues,
242 529 337 589 donec
361 531 400 589 sit
423 529 674 610 subactissimum,
697 538 819 590 etcum
842 548 878 589 ex
901 547 937 589 eo
959 527 1102 608 malagma

90 619 189 679 lacere
213 617 351 698 volueris,
375 617 440 678 oleo
462 635 568 679 manus
591 637 740 704 perunges
764 621 852 679 etita
873 618 1029 678 inductum
1048 617 1102 678 lin-

66 716 140 767 ateo
165 706 258 767 denso
281 705 328 766 vel
349 705 507 784 phoenicio
530 706 657 785 pedibus
680 707 818 786 adpones.

181 794 322 873 Malagma
350 798 410 855 sive
439 813 565 874 scopum
595 795 629 856 ad
663 796 823 875 podagram
855 795 1139 874 efficacissimumo

92 884 171 963 quod
199 901 302 944 mense
330 884 463 962 Augusto
491 885 557 944 lieri
584 883 686 944 debet:
718 884 844 944 Resinae
872 884 976 944 frictae
1004 883 1102 962 pondo

90 975 157 1053 tria,
182 989 268 1032 cerae
287 971 318 1033 P.
337 971 383 1052 Vl,
405 972 464 1032 olei
483 974 592 1034 veteris
610 971 643 1033 P.
663 980 739 1053 octo,
762 971 879 1051 galbani
898 973 1001 1032 uncias
1021 979 1104 1051 quat·

90 1069 175 1140 tuor,
207 1062 268 1139 opii
299 1063 402 1120 uncias
430 1068 583 1141 quattuor,
616 1064 796 1140 opopanacis
823 1062 926 1122 uncias
954 1068 1104 1141 quattuor,

49 1171 77 1210 1o
90 1150 244 1227 aeruginis
267 1151 369 1209 uncias
392 1167 457 1229 sex,
481 1157 581 1227 guttae
604 1152 804 1210 ammoniacae
826 1150 931 1209 uncias
954 1156 1104 1229 quattuor,

90 1239 188 1317 adipis
212 1237 346 1297 leoninae
370 1240 475 1298 uncias
497 1245 646 1318 quattuor,
670 1238 765 1318 adipis
788 1237 976 1316 leopardinae
1000 1239 1104 1296 uncias

91 1334 243 1407 quattuor,
260 1326 356 1405 adipis
369 1328 524 1387 taxoninae
540 1328 643 1386 uncias
657 1325 707 1407 lll,
721 1327 815 1406 adipis
830 1327 984 1386 anserinae
1000 1327 1103 1385 uncias

90 1425 165 1495 tres,
185 1416 246 1474 sevi
266 1416 376 1475 taurini
394 1415 427 1476 P.
445 1414 467 1495 l,
491 1414 600 1475 radicis
624 1414 735 1475 malvae
754 1416 899 1476 erraticae
919 1417 1021 1475 uncias
1041 1412 1103 1486 llll,

91 1504 203 1564 radicis
226 1505 340 1564 cicutae
363 1505 466 1565 uncias
490 1510 639 1582 quattuor,
663 1503 773 1564 radicis
793 1503 879 1564 ibisci
899 1505 1001 1563 uncias
1021 1510 1106 1580 qnat-

50 1613 78 1653 m
91 1601 176 1672 tnor,
203 1591 312 1652 radicis
335 1593 503 1652 cucumeris
527 1594 666 1672 agrestis,
695 1610 784 1670 quem
811 1594 913 1671 sicyon
936 1592 1039 1668 agrion
1062 1590 1106 1650 di·

92 1689 174 1759 eunt,
194 1682 296 1741 uncias
315 1689 464 1761 quattuor,
482 1679 592 1740 radicis
611 1679 783 1741 cucurbitae
802 1680 981 1739 domesticae
1001 1679 1106 1738 uncias

92 1777 242 1848 quattuor.
265 1768 406 1829 lnlundes
429 1768 546 1829 radices
569 1786 673 1828 omnes
692 1785 782 1847 snpra
802 1769 929 1846 scriptas
947 1769 978 1826 in
998 1784 1104 1845 aquam

91 1858 163 1918 luna
186 1857 369 1937 duodecima,
392 1875 541 1935 excoquas
564 1856 633 1917 luna
658 1857 854 1936 quindecima,
877 1859 918 1916 ita
938 1863 972 1916 nt
990 1855 1027 1914 ad
1046 1864 1106 1915 ter·

91 1949 150 2008 tias
173 1963 329 2026 excoquas,
353 1953 383 2006 et
405 1945 442 2005 de
466 1947 597 2005 excoctis
620 1948 685 2005 suci
709 1947 845 2024 expressi
862 1943 960 2022 pondo
981 1943 1039 2003 duo
1059 1943 1106 2003 vel

50 2055 78 2094 so
92 2036 169 2096 duos
193 2036 337 2094 sextarios
359 2034 459 2094 iacies.
500 2032 708 2112 Opopanacem
732 2042 763 2094 et
785 2035 887 2112 opium
910 2031 1049 2092 infundes
1073 2036 1104 2091 in

91 2126 208 2202 vinnm,
236 2130 349 2202 guttam
377 2140 447 2182 vero
472 2125 684 2183 ammoniacam
708 2130 739 2183 et
761 2122 918 2201 galbanum
942 2120 1051 2181 tondes
1075 2129 1105 2181 et

92 2211 200 2272 deinde
219 2211 308 2273 simul
326 2213 424 2272 omnia
443 2213 587 2290 permixta
605 2210 687 2271 lento
705 2213 774 2290 igne
793 2212 942 2289 decoques
961 2228 995 2270 ac
1014 2210 1106 2270 iacies

93 2303 178 2378 quasi
201 2309 336 2360 cerotum
360 2310 390 2359 et
413 2302 507 2359 uteris
530 2298 587 2360 boc
610 2301 708 2379 modo,
731 2308 765 2361 ut
784 2301 891 2360 inlinas
909 2299 1036 2358 linteum
1055 2298 1106 2358 de·

92 2389 311 2469 licatissimnm,
339 2388 419 2467 quod
447 2389 511 2449 sine
534 2406 607 2467 ruga
631 2387 827 2466 amplectatur
849 2387 970 2466 padem;
998 2385 1105 2446 deinde

51 2477 215 2537 eolasciola
237 2476 342 2537 leviter
364 2476 508 2556 involveS,
538 2476 573 2536 ad
602 2476 659 2536 boc
686 2482 815 2557 tantum,
842 2493 893 2555 ne,
922 2474 1107 2551 compedes

94 2568 126 2626 in
154 2564 231 2625 lecto
258 2567 399 2645 moveris,
425 2563 580 2625 linteolum
608 2563 770 2643 replicetur
798 2571 829 2624 et
856 2563 1039 2623 medicamen
1062 2564 1105 2622 in-

95 2654 180 2714 litum
204 2654 332 2734 decidat,
357 2656 468 2714 namsi
492 2655 585 2714 artius
609 2654 779 2731 strinxeris,
803 2654 887 2712 nervi
910 2649 1106 2710 offendentur.

95 2741 159 2802 Hoc
187 2760 257 2821 ergo
285 2742 468 2802 medicamen
491 2750 521 2802 et
544 2744 575 2801 in
598 2751 724 2802 accentu
751 2740 848 2820 placat
875 2739 991 2800 dolores
1017 2746 1048 2798 et
1075 2740 1107 2798 in

97 2830 292 2891 declinatione
315 2830 470 2890 confirmat
494 2831 658 2891 sanitatem.

53 2939 81 2978 eo
185 2917 301 2979 Herbae
324 2918 472 2999 verbasci,
501 2935 575 2997 quae
600 2917 766 2978 minoribus
790 2917 868 2977 loliis
896 2924 956 2996 est,
987 2917 1143 2976 summi-6
1237 3000 1241 3005 ι

96 3015 173 3068 tates
199 3016 320 3068 tenerae
348 3025 382 3066 ac
410 3007 477 3067 lolia
506 3009 575 3067 trita
607 3009 735 3085 inposita
767 3008 845 3067 intra
878 3023 986 3085 paucas
1019 3005 1121 3064 horas⁴

96 3096 169 3156 adeo
189 3095 334 3156 sedabunt
353 3095 501 3175 podagrae
519 3095 693 3175 molestiam,
712 3097 811 3175 utqui
826 3095 1107 3156 ususfueritetiam

96 3183 247 3244 ambulare
269 3185 372 3262 possit

184 3272 380 3351 Incipientem
411 3273 570 3352 podagram
600 3273 742 3332 discutiet
768 3272 905 3332 betarum
933 3278 1141 3333 exustarum?

108 3550 127 3604 d
154 3477 417 3618 Affilmipientem
431 3477 599 3550 podagram]
614 3479 648 3547 cf.
659 3477 738 3533 Ptin.
753 3478 785 3532 de
798 3478 864 3532 med,
875 3475 923 3544 111,
939 3481 972 3529 14
987 3477 1024 3544 (p.
1041 3471 1108 3529 1931’

95 3567 108 3604 e
128 3593 134 3606 .
214 3591 240 3604 ..
