2609 4017
492 207 710 271 ..99-

92 388 186 449 panax
216 388 288 430 cum
315 388 382 430 rosa
411 379 441 430 et
468 369 652 449 amygdalino
680 370 748 430 vino
777 370 846 428 trita
873 378 955 429 recte
979 368 1113 430 laboran-

92 459 171 520 tibus
205 459 332 519 auribus
362 458 531 520 instillatur.
582 459 679 518 Alium
712 457 875 518 rotundum
908 460 1013 518 tritum
1044 476 1112 518 cum
1132 471 1166 519 oo

92 557 174 608 aceto
203 558 361 627 repostum
389 551 419 607 iu
448 547 553 627 pyxide
582 546 719 626 plumbea
749 555 779 606 et
807 565 875 607 cnm
904 564 979 626 opus
1013 547 1113 627 luerit,

93 655 159 696 cum
182 644 273 697 aceto
296 646 325 697 et
349 655 416 696 rosa
439 637 572 697 inlusum
596 636 719 697 auribus
742 636 872 713 prodest.
914 634 1114 718 opobalsami,
1132 647 1165 695 ot

68 740 190 806 orosae,
219 728 305 786 croci
330 728 532 805 unguentarii,
557 727 631 806 opii,
656 724 841 804 singulorum
865 743 958 804 aequa
982 724 1112 804 pondera

92 818 159 874 trita
183 815 335 894 tepefacta
359 815 454 875 inlusa
478 814 601 875 auribus
625 822 759 892 prosunt.
804 813 934 874 Virentis
957 815 1111 893 papaveris
1131 824 1165 873 52

92 921 181 964 sucus
216 923 288 964 cum
317 923 383 964 rosa
412 904 457 964 vel
484 902 668 983 amygdalino
697 906 764 962 vino
797 902 843 962 vel
876 906 957 981 porri
990 904 1112 963 seminis

92 1010 182 1053 sucus
206 1012 279 1054 cum
303 993 377 1053 lacte
401 991 540 1052 muliebri
564 991 609 1052 vel
634 999 783 1052 veratrum
801 991 900 1052 album
920 993 1024 1052 tritum
1043 1009 1112 1051 cum

92 1081 281 1161 amygdalino
308 1081 374 1142 oleo
399 1089 450 1143 aut
472 1099 595 1141 rosaceo
624 1079 668 1140 vel
698 1097 789 1140 sucus
816 1097 977 1158 granorum
1006 1079 1113 1140 Punici

59 1185 81 1224 1⁰
93 1170 160 1231 mali
192 1191 266 1232 cum
300 1189 367 1230 rosa
397 1180 449 1231 aut
475 1170 542 1230 oleo
574 1169 759 1248 amygdalino
790 1169 910 1230 inlusus
943 1168 1113 1229 dolentibus

94 1260 218 1321 auribus
238 1261 370 1339 prodest.
415 1260 558 1320 Croci-
575 1257 635 1339 vll,
658 1261 744 1319 nucis
763 1277 878 1318 amarae
895 1256 993 1338 livii,
1017 1257 1113 1317 mellis
1132 1268 1167 1316 53

95 1347 163 1409 boni
191 1350 318 1429 cyathos
339 1348 394 1429 ΙΙΙ,
427 1350 504 1409 aceti
537 1348 607 1408 boni
640 1348 719 1426 quod
748 1349 832 1408 satis
847 1350 905 1407 erit
932 1349 1047 1426 mittes,
1080 1352 1114 1406 ut

95 1439 323 1514 spissitudinem
345 1437 452 1498 babeat
470 1438 718 1497 medicamentum
738 1435 834 1496 mellis
852 1436 957 1514 liquidi
976 1447 1004 1496 et
1025 1434 1114 1496 simul

95 1530 278 1602 permixtum
306 1535 395 1606 atque
423 1536 578 1587 excoctum
607 1524 777 1586 dolentibus
801 1523 923 1584 auribus
946 1524 1113 1585 instillabis.

60 1627 83 1667 1⁵
95 1613 224 1696 Maurae,
245 1619 336 1695 croci,
355 1617 425 1698 opii,
444 1615 530 1675 nardi
548 1617 656 1694 spicae,
675 1617 751 1674 turis
771 1613 900 1693 corticis,
920 1611 988 1672 mali
1006 1612 1113 1673 Punici
1132 1620 1167 1670 64

95 1706 182 1784 aridi,
214 1705 301 1766 labae
324 1706 518 1784 Aegyptiacae
542 1703 675 1783 pulpam,
706 1719 816 1762 nucum
842 1718 1007 1760 amararum
1038 1702 1114 1760 intc-

96 1795 181 1873 riora,
205 1794 305 1854 mellis
328 1793 408 1873 boni,
431 1793 615 1871 singulorum
641 1791 666 1852 ΙΙ
690 1801 860 1870 quaternos,
883 1791 1011 1850 castorei
1032 1787 1058 1849 ll
1077 1787 1113 1869 ΙΙ,

96 1880 236 1943 aluminis
258 1883 322 1942 fissi
346 1882 370 1942 X
389 1882 424 1962 ΙΙ,
447 1883 560 1961 piperis
583 1881 664 1958 longi
689 1879 760 1959 ΙΙΙ,
783 1881 863 1939 tritis
887 1877 1044 1968 diligenter
1067 1877 1114 1938 bis

98 1971 238 2032 omnibus
261 1981 291 2032 et
314 1990 383 2033 cum
404 1979 489 2032 aceto
508 1973 653 2030 acerrimo
673 1970 774 2029 mixtis
793 1979 881 2047 atque
900 1971 1030 2028 excoctis
1048 1967 1114 2027 fieri

62 2071 86 2110 ²⁰
98 2069 218 2137 oportet
236 2059 485 2122 medicamentum
503 2067 563 2119 tam
583 2067 789 2137 temperatum,
805 2065 837 2118 ut
851 2055 947 2116 simile
965 2057 1004 2116 sit
1017 2074 1115 2135 passo.

98 2145 159 2209 lloc
182 2150 363 2229 tepefactum
388 2148 559 2228 instillatur,
583 2149 671 2207 etiam
695 2146 872 2207 exulceratis
896 2143 1019 2205 auribus
1040 2145 1116 2205 mire

98 2238 230 2314 prodest.
262 2238 305 2298 Ad
324 2240 503 2317 incipientes
520 2237 637 2297 dolores
652 2239 769 2296 aurium
784 2245 814 2295 et
828 2234 1012 2295 exulceratas
1027 2251 1116 2294 aures
1137 2242 1170 2290 55

99 2325 153 2388 boc
175 2327 362 2388 medicamen
386 2327 490 2388 lacies:
514 2325 603 2386 Turis
627 2357 669 2368 -
694 2323 761 2404 ΙΙΙΙ,
789 2324 885 2384 mellis
911 2356 949 2368 -
975 2322 1028 2400 ΙΙΙ,
1056 2324 1116 2381 vini

101 2420 212 2478 austeri
234 2415 357 2496 cyathos
375 2414 411 2495 ΙΙ,
434 2418 511 2476 aceti
534 2415 673 2474 acerrimi
694 2413 834 2493 cyathum
853 2412 873 2492 Ι,
897 2411 982 2472 nardi
1001 2411 1117 2490 Syriaci

66 2503 124 2563 ux
141 2505 177 2588 ΙΙ,
205 2523 322 2585 myrrae
343 2503 369 2564 lt
388 2505 400 2565 Ι
420 2503 449 2584 S,
473 2505 554 2564 croci
576 2500 589 2562 Ι
613 2501 642 2582 S,
667 2520 760 2562 nuces
783 2519 897 2562 amaras
921 2517 1047 2560 numero
1068 2497 1118 2577 ΙΙΙ,

102 2593 277 2655 atronitrum
298 2595 444 2655 victoriati
458 2592 584 2671 pondus,
602 2593 716 2670 piperis
732 2591 811 2668 longi
825 2588 851 2647 ΙΙ
866 2588 888 2664 Ι,
907 2587 990 2647 labae
1004 2587 1116 2665 Aegyp·

102 2684 193 2743 uacae
221 2702 312 2761 grana
341 2693 464 2762 purgata
492 2679 553 2740 llll.
600 2679 680 2738 llaec
709 2680 805 2737 omnia
835 2679 965 2755 primum
993 2692 1047 2753 per
1076 2691 1116 2754 se,

103 2768 206 2831 deinde
239 2773 271 2831 in
304 2790 396 2832 unum
427 2773 517 2831 mixta
550 2777 692 2829 teruntur
725 2774 754 2826 et
787 2765 916 2843 tepidata
949 2762 1118 2823 dolentibus

103 2859 223 2920 auribus
246 2859 437 2921 instillantur.
476 2858 609 2919 Castorei
631 2855 734 2916 obolos
753 2854 788 2936 ss,
811 2854 841 2915 id
861 2861 906 2914 est
926 2852 998 2913 duas
1017 2859 1118 2930 partes
1137 2861 1170 2912 56

69 2955 92 2996 ω
105 2949 261 3028 victoriati,
293 2949 402 3008 radicis
430 2949 572 3028 lanariae,
605 2946 674 3007 salis
702 2945 889 3024 ammoniaci,
921 2943 1032 3002 veratri
1060 2940 1118 3002 albi

104 3035 179 3097 idem
200 3037 351 3117 ponderis,
375 3037 484 3116 quibus
503 3035 708 3116 superadicies
727 3037 808 3094 croci
826 3033 974 3094 victoriati
992 3031 1119 3112 pondus,

105 3124 158 3186 olei
186 3127 256 3186 irini
285 3136 315 3186 et
342 3126 438 3186 mellis
465 3143 567 3204 parem
596 3141 780 3204 mensuram,
808 3123 838 3182 id
863 3130 909 3183 est
933 3119 1118 3198 singulorum

105 3210 128 3272 Ι
154 3213 228 3274 xvi.
278 3214 320 3274 Ea
353 3232 487 3274 seorsum
521 3214 605 3292 prius
639 3211 754 3290 singula
787 3214 856 3272 trita
889 3211 1054 3270 miscentur
1086 3209 1117 3266 in

104 3320 208 3383 unum3
236 3304 349 3365 iaciunt
377 3303 452 3363 bene
481 3302 516 3362 ad
544 3301 677 3361 dolorem
701 3309 732 3360 et
754 3299 854 3361 ulcera
878 3301 996 3359 aurium
1018 3295 1117 3374 tepide

70 3393 221 3453 ttiuserta.
258 3391 378 3452 uolenti
400 3390 550 3452 auriculae
574 3397 693 3468 oportet
718 3389 841 3448 farinam
861 3387 1041 3447 hordiaciam
1065 3402 1119 3462 per
1137 3394 1171 3443 5⁷

105 3500 133 3541 se
161 3489 277 3542 coctam
305 3500 341 3541 ex
369 3499 444 3560 aqua
473 3478 569 3539 mulsa
592 3477 810 3556 cataplasmatis
833 3493 916 3536 more
939 3493 957 3535 a
980 3474 1052 3534 loris
1074 3475 1118 3532 iu-

104 3585 212 3647 ponere
241 3569 289 3631 vel
316 3571 441 3631 lerinam
468 3568 521 3629 lini
543 3568 668 3628 seminis
695 3576 726 3626 ct
752 3565 938 3643 laenograeci
965 3565 997 3623 iu
1025 3579 1118 3623 unum

923 3661 960 3718 y*
