2609 4017
506 184 543 192 -
592 148 743 212 345-

115 314 202 368 44444
222 308 374 386 adpositus
394 309 466 369 adeo
489 309 620 391 prodest,
644 318 678 371 ut
696 311 834 390 spodium
853 321 883 374 et
902 312 1046 374 utilitates
1065 316 1130 376 eius

114 399 148 456 in
176 395 260 458 bisce
288 397 492 459 curationibus
520 401 625 460 vincat.
672 399 725 460 Fel
758 403 913 479 caprinum
946 420 1015 462 cum
1043 402 1181 465 44411441

114 489 229 548 veretri
252 485 404 547 doloribus
427 486 638 567 ulceribusque
661 488 779 550 inlitum
802 491 933 569 prodest.
971 490 1045 551 Caro
1064 510 1129 552 vac·
1148 505 1183 554 44

115 580 184 638 cina
207 593 313 636 recens
334 582 450 635 veretro
470 577 606 655 imposita
625 576 725 638 ulcera
745 580 809 639 eius
828 586 859 639 et
877 578 1035 658 epiphoras
1053 581 1129 641 mire

87 673 265 746 cpersanat.
312 663 495 725 Salsamenta
527 673 631 726 exusta
664 669 851 747 contritaque
885 676 916 728 et
946 687 1014 729 cum
1043 669 1182 731 molleta

115 761 235 816 veretro
259 755 385 833 inposita
409 754 566 815 adversum
590 772 693 814 omnes
716 755 835 816 dolores
858 764 888 816 44
907 757 1129 819 formicationes

115 843 298 922 singularem
326 841 487 903 ellioaoiam
513 851 676 922 praestant.
717 843 866 904 Anctbum
894 847 1006 907 siccum
1029 849 1129 908 uritur
1147 861 1183 910 44

115 935 252 1011 cinisque
280 932 345 992 eius
373 933 464 992 tritus
491 939 541 993 aut
565 951 633 993 cum
657 935 725 992 vino
748 940 850 994 vetere
873 941 991 994 veretro
1014 937 1129 1015 insper-

115 1023 198 1101 gitur
226 1029 276 1081 aut
305 1038 372 1081 4444
399 1019 486 1080 melle
515 1020 657 1082 subactus
685 1020 852 1083 adhibetur.
896 1020 955 1082 Lac
980 1026 1128 1086 asininum
1147 1037 1183 1086 44

72 1133 100 1173 ιο
115 1129 186 1172 cum
213 1109 278 1170 lana
306 1108 408 1169 sucida
435 1108 472 1168 ad
500 1108 673 1171 umbilicum
696 1109 817 1190 babeat,
845 1113 984 1189 quotiens
1007 1115 1075 1191 quis
1097 1116 1128 1173 in

114 1217 256 1260 venerem
278 1197 405 1258 voluerit
427 1199 554 1259 incitari.

206 1287 321 1348 Erucae
345 1288 467 1346 seminis
487 1279 594 1374 2111,
618 1285 702 1347 bulbi
722 1289 778 1348 ruli
800 1279 839 1374 19·
858 1287 908 1368 lll,
930 1288 1030 1350 nuclei
1047 1292 1130 1368 pinei
1147 1303 1182 1352 46

115 1375 247 1457 purgati
255 1367 294 1462 '9‘
313 1374 359 1456 Vl,
383 1377 482 1454 spicae
501 1376 587 1436 nardi
606 1369 645 1461 ᾇ·
664 1375 714 1457 111,
737 1384 818 1437 teres
837 1377 952 1457 singula
971 1377 1129 1457 diligenter

115 1474 147 1526 44
169 1463 364 1544 permiscebis
385 1472 474 1543 atque
493 1465 562 1525 inde
581 1463 716 1543 globulos
734 1465 825 1526 lacios
844 1466 879 1526 ad
900 1466 1024 1527 formam
1043 1470 1129 1528 nucis

72 1577 101 1616 15
115 1553 264 1614 avellanae
284 1561 314 1612 et
333 1571 401 1614 cum
420 1570 495 1631 opus
514 1553 605 1614 luerit
623 1553 756 1631 singulos
771 1553 946 1633 liquefactos
960 1557 992 1614 in
1006 1557 1127 1634 caprino

115 1643 192 1704 lacte
215 1641 340 1722 potabis,
364 1643 443 1702 siin
466 1659 605 1702 venerem
629 1642 759 1702 volneris
784 1643 915 1703 accendi.

207 1730 360 1792 Satureiae
387 1729 521 1791 Creticae
551 1723 639 1816 21,
669 1748 785 1809 myrrae
809 1724 848 1816 2·
868 1731 894 1810 l,
922 1731 1020 1792 nuclei
1048 1734 1129 1810 pinei
1147 1745 1182 1813 44

115 1823 235 1898 purgati
258 1821 452 1900 qrrartarium,
475 1837 583 1880 erucae
606 1821 728 1879 seminis
754 1851 792 1862 -—
813 1819 839 1898 1,
863 1819 962 1881 scillae
986 1828 1129 1898 purgatae

115 1943 160 1954 --
178 1909 200 1970 1.
235 1907 341 1968 Omnia
363 1907 436 1968 baec
455 1909 582 1968 contrita
601 1906 741 1968 miscebis
760 1915 791 1968 44
808 1907 943 1987 globulos
963 1908 999 1968 ad
1018 1912 1129 1988 magni·

74 2019 101 2057 44
117 1999 252 2060 tudinem
280 1996 364 2056 labae
392 1996 482 2056 iacies
511 2006 541 2056 44
568 1995 701 2075 singulos
732 1997 770 2057 ad
798 1997 876 2057 diem
908 1999 1027 2059 ieiunus
1060 2017 1129 2058 cum

116 2089 239 2167 caprino
263 2085 338 2145 14444
361 2085 486 2163 potabis,
510 2087 536 2146 si
559 2085 688 2146 volueris
712 2103 779 2146 4444
802 2085 935 2147 44144144.

206 2173 344 2254 Pyretbri
367 2175 431 2235 triti
453 2173 584 2252 pulveris
608 2174 781 2236 cocliarium
803 2174 925 2254 plenum
948 2194 1017 2237 cum
1040 2193 1128 2254 passo
1147 2187 1184 2237 48

115 2273 220 2343 potum
245 2264 353 2324 excitat
376 2264 407 2322 in
430 2280 570 2323 venerem
593 2263 714 2324 inutiles
738 2282 843 2324 mares.

206 2351 264 2423 Qni
291 2352 388 2430 potuit
415 2357 445 2411 et
473 2368 533 2410 non
557 2360 668 2429 potest,
691 2361 724 2412 44
748 2346 905 2430 repar'etur
926 2354 958 2412 in
981 2370 1129 2432 venerem,
1147 2364 1184 2414 44
1281 2345 1285 2349 ’

74 2460 101 2500 ea
115 2441 233 2502 radices
257 2441 426 2502 cucumeris
449 2442 576 2518 agrestis
599 2441 734 2500 concisas
757 2442 925 2501 minutatim
945 2443 976 2499 in
995 2440 1060 2500 oleo
1080 2441 1128 2500 de·

116 2537 226 2609 coquat
249 2536 279 2589 et
301 2530 332 2588 in
357 2527 477 2588 vasculo
499 2530 593 2588 vitreo
617 2536 750 2588 reservet
777 2535 808 2588 et
836 2546 904 2588 cum
931 2545 1006 2606 opus
1029 2528 1129 2608 luerit,

116 2626 231 2696 ungunt
251 2617 308 2677 sibi
327 2619 358 2677 in
377 2616 493 2678 balineo
513 2617 640 2676 interius
659 2618 839 2677 eleuterius
858 2634 946 2676 omne
968 2623 1129 2696 veretrum,

117 2707 171 2767 sed
190 2724 330 2785 saponem
351 2723 410 2766 non
430 2704 538 2786 abluat,
563 2707 663 2766 statim
682 2705 863 2766 incitabitur.
897 2705 1011 2766 Poterit
1030 2714 1129 2766 antem

118 2795 312 2874 sequentibus
336 2794 455 2874 diebus,
483 2795 510 2853 si
532 2811 654 2854 necesse
678 2794 893 2872 luerit,'etiam
922 2796 986 2854 sine
1014 2793 1129 2855 lavacro

75 2903 102 2943 4ο
117 2892 267 2944 veretrum
287 2883 345 2944 sibi
364 2881 499 2964 similiter
519 2882 622 2942 eodem
641 2882 836 2943 medicamine
855 2901 1058 2964 perunguere;
1079 2901 1129 2943 na·

117 2981 185 3034 tura
208 2971 343 3050 genitalis
366 2972 461 3031 maior
480 2979 510 3030 et
529 2971 651 3031 solidior
670 2971 826 3050 videbitur,
850 2974 876 3033 si
896 2973 933 3033 de
950 2972 1005 3033 lilii
1023 2972 1129 3033 radici·

117 3061 175 3121 bus
202 3063 298 3122 tunsis
327 3059 502 3139 cataplasma
531 3061 559 3120 ei
585 3062 724 3146 inponas,
752 3078 827 3139 quae
855 3061 947 3121 nibilo
975 3063 1074 3121 minus
1100 3067 1130 3120 et

117 3152 219 3210 veneri
242 3148 444 3210 incendendae
468 3150 539 3209 satis
562 3149 645 3210 utilis
668 3157 723 3210 est.

206 3238 323 3298 Herbae
338 3235 429 3297 rebus
443 3239 571 3297 veneriis
586 3245 680 3318 aptae,
699 3238 830 3318 ralanus,
848 3255 936 3298 eruca
938 3255 1130 3318 ,asparagus,
1148 3249 1185 3298 50

209 3371 700 3441 cfum1gat10neacorroci.12
723 3390 742 3427 a
764 3372 903 3452 vocabatis
921 3371 999 3441 pinei
1016 3371 1131 3453 purgati

118 3445 202 3500 codeoc
217 3459 314 3498 444444
328 3444 436 3512 incipit.
482 3445 514 3496 16
532 3442 710 3511 liquefactus.
768 3448 800 3497 17
820 3441 930 3498 mitrae.
984 3441 1061 3512 pinei
1079 3461 1129 3500 444.

118 3521 152 3570 23
171 3531 280 3571 venere.
354 3519 388 3568 28
407 3529 541 3583 saponem
557 3515 671 3582 scripsi:
689 3515 800 3570 sobone.
874 3519 908 3568 30
926 3519 1044 3569 veretro.
1096 3539 1100 3543 ·
