<?xml version="1.0" encoding="UTF-8"?>
<!DOCTYPE html PUBLIC "-//W3C//DTD XHTML 1.0 Transitional//EN"
    "http://www.w3.org/TR/xhtml1/DTD/xhtml1-transitional.dtd">
<html xmlns="http://www.w3.org/1999/xhtml" xml:lang="en" lang="en">
 <head>
  <title>
</title>
<meta http-equiv="Content-Type" content="text/html;charset=utf-8" />
  <meta name='ocr-system' content='tesseract 3.04.00' />
  <meta name='ocr-capabilities' content='ocr_page ocr_carea ocr_par ocr_line ocrx_word'/>
</head>
<body>
  <div class='ocr_page' id='page_1' title='image "./marcellidemedic03helmgoog_0362.png"; bbox 0 0 2609 4017; ppageno 0'>
   <div class='ocr_carea' id='block_1_1' title="bbox 592 208 834 274">
    <p class='ocr_par' dir='ltr' id='par_1_1' title="bbox 592 208 834 274">
     <span class='ocr_line' id='line_1_1' title="bbox 592 208 834 274; baseline -0.008 0"><span class='ocrx_word' id='word_1_1' title='bbox 592 245 628 255; x_wconf 96' lang='lat'>-</span> <span class='ocrx_word' id='word_1_2' title='bbox 678 208 834 274; x_wconf 83' lang='lat'>350-</span> 
     </span>
    </p>
   </div>
   <div class='ocr_carea' id='block_1_2' title="bbox 148 370 1285 3177">
    <p class='ocr_par' dir='ltr' id='par_1_2' title="bbox 151 370 1214 452">
     <span class='ocr_line' id='line_1_2' title="bbox 151 370 1214 452; baseline -0.005 -17"><span class='ocrx_word' id='word_1_3' title='bbox 151 387 185 435; x_wconf 85' lang='grc'><strong>31</strong></span> <span class='ocrx_word' id='word_1_4' title='bbox 205 373 319 435; x_wconf 82' lang='lat' dir='ltr'><strong>utiliter</strong></span> <span class='ocrx_word' id='word_1_5' title='bbox 346 381 460 434; x_wconf 88' lang='lat' dir='ltr'><strong>curant.</strong></span> <span class='ocrx_word' id='word_1_6' title='bbox 507 372 626 452; x_wconf 88' lang='lat' dir='ltr'><strong>Caprini</strong></span> <span class='ocrx_word' id='word_1_7' title='bbox 654 373 728 432; x_wconf 89' lang='lat' dir='ltr'><strong>corii</strong></span> <span class='ocrx_word' id='word_1_8' title='bbox 758 373 833 432; x_wconf 91' lang='lat' dir='ltr'><strong>cinis</strong></span> <span class='ocrx_word' id='word_1_9' title='bbox 862 390 898 432; x_wconf 81' lang='lat' dir='ltr'><strong>ex</strong></span> <span class='ocrx_word' id='word_1_10' title='bbox 927 371 991 431; x_wconf 88' lang='lat' dir='ltr'><strong>oleo</strong></span> <span class='ocrx_word' id='word_1_11' title='bbox 1018 370 1123 431; x_wconf 91' lang='lat' dir='ltr'><strong>inlitus</strong></span> <span class='ocrx_word' id='word_1_12' title='bbox 1149 388 1214 449; x_wconf 90' lang='lat' dir='ltr'><strong>per·</strong></span> 
     </span>
    </p>

    <p class='ocr_par' dir='ltr' id='par_1_3' title="bbox 150 460 1214 631">
     <span class='ocr_line' id='line_1_3' title="bbox 150 460 1214 541; baseline -0.005 -17"><span class='ocrx_word' id='word_1_13' title='bbox 150 475 184 525; x_wconf 87' lang='grc'><strong>33</strong></span> <span class='ocrx_word' id='word_1_14' title='bbox 204 465 308 523; x_wconf 90' lang='lat' dir='ltr'><strong>niones</strong></span> <span class='ocrx_word' id='word_1_15' title='bbox 327 465 422 541; x_wconf 91' lang='lat' dir='ltr'><strong>prime</strong></span> <span class='ocrx_word' id='word_1_16' title='bbox 438 461 543 522; x_wconf 78' lang='lat' dir='ltr'><strong>abolet.</strong></span> <span class='ocrx_word' id='word_1_17' title='bbox 577 460 749 522; x_wconf 83' lang='lat' dir='ltr'>Testudinis</span> <span class='ocrx_word' id='word_1_18' title='bbox 764 469 903 539; x_wconf 82' lang='lat' dir='ltr'><strong>tegumen</strong></span> <span class='ocrx_word' id='word_1_19' title='bbox 917 467 1125 520; x_wconf 77' lang='lat' dir='ltr'><strong>concrematur</strong></span> <span class='ocrx_word' id='word_1_20' title='bbox 1139 461 1214 520; x_wconf 89' lang='lat' dir='ltr'><strong>eius·</strong></span> 
     </span>
     <span class='ocr_line' id='line_1_4' title="bbox 205 547 1212 631; baseline -0.003 -20"><span class='ocrx_word' id='word_1_21' title='bbox 205 570 263 631; x_wconf 89' lang='lat' dir='ltr'><strong>que</strong></span> <span class='ocrx_word' id='word_1_22' title='bbox 296 551 391 611; x_wconf 82' lang='lat' dir='ltr'><strong>favilla</strong></span> <span class='ocrx_word' id='word_1_23' title='bbox 423 569 460 611; x_wconf 83' lang='lat' dir='ltr'><strong>ex</strong></span> <span class='ocrx_word' id='word_1_24' title='bbox 487 552 555 610; x_wconf 90' lang='lat' dir='ltr'><strong>vino</strong></span> <span class='ocrx_word' id='word_1_25' title='bbox 586 556 616 610; x_wconf 92' lang='lat' dir='ltr'><strong>et</strong></span> <span class='ocrx_word' id='word_1_26' title='bbox 643 549 708 610; x_wconf 91' lang='lat' dir='ltr'><strong>oleo</strong></span> <span class='ocrx_word' id='word_1_27' title='bbox 733 556 897 628; x_wconf 85' lang='lat' dir='ltr'><strong>temperata</strong></span> <span class='ocrx_word' id='word_1_28' title='bbox 923 547 1076 610; x_wconf 82' lang='lat' dir='ltr'><strong>ulceribus</strong></span> <span class='ocrx_word' id='word_1_29' title='bbox 1106 547 1212 627; x_wconf 83' lang='lat' dir='ltr'><strong>pedum</strong></span> 
     </span>
    </p>

    <p class='ocr_par' dir='ltr' id='par_1_4' title="bbox 151 637 1236 877">
     <span class='ocr_line' id='line_1_5' title="bbox 151 637 1213 717; baseline -0.004 -16"><span class='ocrx_word' id='word_1_30' title='bbox 151 651 184 702; x_wconf 90' lang='grc'><strong>33</strong></span> <span class='ocrx_word' id='word_1_31' title='bbox 204 639 317 701; x_wconf 89' lang='lat' dir='ltr'><strong>utiliter</strong></span> <span class='ocrx_word' id='word_1_32' title='bbox 348 639 508 700; x_wconf 89' lang='lat' dir='ltr'><strong>inducitur.</strong></span> <span class='ocrx_word' id='word_1_33' title='bbox 557 637 663 699; x_wconf 89' lang='lat' dir='ltr'><strong>Scillae</strong></span> <span class='ocrx_word' id='word_1_34' title='bbox 695 637 778 698; x_wconf 91' lang='lat' dir='ltr'><strong>bulbi</strong></span> <span class='ocrx_word' id='word_1_35' title='bbox 810 638 890 717; x_wconf 88' lang='lat' dir='ltr'><strong>qood</strong></span> <span class='ocrx_word' id='word_1_36' title='bbox 917 639 1045 698; x_wconf 87' lang='lat' dir='ltr'><strong>interius</strong></span> <span class='ocrx_word' id='word_1_37' title='bbox 1073 647 1121 697; x_wconf 88' lang='lat' dir='ltr'><strong>est</strong></span> <span class='ocrx_word' id='word_1_38' title='bbox 1147 655 1213 697; x_wconf 88' lang='lat' dir='ltr'><strong>oum</strong></span> 
     </span>
     <span class='ocr_line' id='line_1_6' title="bbox 204 726 1236 807; baseline -0.005 -19"><span class='ocrx_word' id='word_1_39' title='bbox 204 728 269 789; x_wconf 92' lang='lat' dir='ltr'><strong>oleo</strong></span> <span class='ocrx_word' id='word_1_40' title='bbox 292 727 426 788; x_wconf 82' lang='lat' dir='ltr'><strong>defervet</strong></span> <span class='ocrx_word' id='word_1_41' title='bbox 448 745 543 807; x_wconf 88' lang='lat' dir='ltr'><strong>eoque</strong></span> <span class='ocrx_word' id='word_1_42' title='bbox 568 727 632 788; x_wconf 93' lang='lat' dir='ltr'><strong>oleo</strong></span> <span class='ocrx_word' id='word_1_43' title='bbox 657 726 774 788; x_wconf 91' lang='lat' dir='ltr'><strong>dolores</strong></span> <span class='ocrx_word' id='word_1_44' title='bbox 797 728 974 806; x_wconf 87' lang='lat' dir='ltr'><strong>pernionum</strong></span> <span class='ocrx_word' id='word_1_45' title='bbox 1001 727 1143 805; x_wconf 90' lang='lat' dir='ltr'><strong>peruncti</strong></span> <span class='ocrx_word' id='word_1_46' title='bbox 1163 727 1236 786; x_wconf 79' lang='lat' dir='ltr'><strong>mio</strong></span> 
     </span>
     <span class='ocr_line' id='line_1_7' title="bbox 203 823 331 877; baseline -0.008 0"><span class='ocrx_word' id='word_1_47' title='bbox 203 823 331 877; x_wconf 90' lang='lat' dir='ltr'><strong>tescunt.</strong></span> 
     </span>
    </p>

    <p class='ocr_par' dir='ltr' id='par_1_5' title="bbox 150 895 1246 1338">
     <span class='ocr_line' id='line_1_8' title="bbox 150 895 1214 986; baseline -0.004 -19"><span class='ocrx_word' id='word_1_48' title='bbox 150 916 185 967; x_wconf 81' lang='grc'><strong>34</strong></span> <span class='ocrx_word' id='word_1_49' title='bbox 293 903 374 965; x_wconf 86' lang='lat' dir='ltr'><strong>blora</strong></span> <span class='ocrx_word' id='word_1_50' title='bbox 403 907 543 986; x_wconf 85' lang='lat' dir='ltr'><strong>agrestia,</strong></span> <span class='ocrx_word' id='word_1_51' title='bbox 570 906 642 967; x_wconf 93' lang='lat' dir='ltr'><strong>dum</strong></span> <span class='ocrx_word' id='word_1_52' title='bbox 670 895 767 966; x_wconf 89' lang='lat' dir='ltr'><strong>adhuc</strong></span> <span class='ocrx_word' id='word_1_53' title='bbox 794 903 917 983; x_wconf 87' lang='lat' dir='ltr'><strong>rubent,</strong></span> <span class='ocrx_word' id='word_1_54' title='bbox 945 910 1106 982; x_wconf 89' lang='lat' dir='ltr'><strong>antequam</strong></span> <span class='ocrx_word' id='word_1_55' title='bbox 1129 902 1214 963; x_wconf 91' lang='lat' dir='ltr'><strong>ullius</strong></span> 
     </span>
     <span class='ocr_line' id='line_1_9' title="bbox 204 993 1213 1074; baseline -0.001 -22"><span class='ocrx_word' id='word_1_56' title='bbox 204 995 322 1072; x_wconf 83' lang='lat' dir='ltr'><strong>generis</strong></span> <span class='ocrx_word' id='word_1_57' title='bbox 345 1012 462 1054; x_wconf 90' lang='lat' dir='ltr'><strong>morum</strong></span> <span class='ocrx_word' id='word_1_58' title='bbox 481 994 656 1074; x_wconf 87' lang='lat' dir='ltr'><strong>comederis,</strong></span> <span class='ocrx_word' id='word_1_59' title='bbox 678 995 881 1054; x_wconf 82' lang='lat' dir='ltr'><strong>intermunus</strong></span> <span class='ocrx_word' id='word_1_60' title='bbox 902 993 1034 1054; x_wconf 83' lang='lat' dir='ltr'><strong>conirica</strong></span> <span class='ocrx_word' id='word_1_61' title='bbox 1053 1010 1213 1071; x_wconf 82' lang='lat' dir='ltr'><strong>eorumque</strong></span> 
     </span>
     <span class='ocr_line' id='line_1_10' title="bbox 204 1081 1214 1164; baseline -0.002 -22"><span class='ocrx_word' id='word_1_62' title='bbox 204 1099 275 1142; x_wconf 89' lang='lat' dir='ltr'><strong>suco</strong></span> <span class='ocrx_word' id='word_1_63' title='bbox 295 1099 392 1164; x_wconf 82' lang='lat' dir='ltr'><strong>crura,</strong></span> <span class='ocrx_word' id='word_1_64' title='bbox 412 1101 487 1162; x_wconf 88' lang='lat' dir='ltr'><strong>quae</strong></span> <span class='ocrx_word' id='word_1_65' title='bbox 507 1081 607 1143; x_wconf 89' lang='lat' dir='ltr'><strong>dolere</strong></span> <span class='ocrx_word' id='word_1_66' title='bbox 626 1090 819 1162; x_wconf 82' lang='lat' dir='ltr'><strong>consuerunt,</strong></span> <span class='ocrx_word' id='word_1_67' title='bbox 838 1082 1044 1161; x_wconf 90' lang='lat' dir='ltr'><strong>pertriduum</strong></span> <span class='ocrx_word' id='word_1_68' title='bbox 1063 1082 1214 1159; x_wconf 83' lang='lat' dir='ltr'><strong>continge3</strong></span> 
     </span>
     <span class='ocr_line' id='line_1_11' title="bbox 204 1170 1246 1250; baseline 0 -20"><span class='ocrx_word' id='word_1_69' title='bbox 204 1187 263 1230; x_wconf 91' lang='lat' dir='ltr'><strong>non</strong></span> <span class='ocrx_word' id='word_1_70' title='bbox 291 1171 378 1232; x_wconf 93' lang='lat' dir='ltr'><strong>modo</strong></span> <span class='ocrx_word' id='word_1_71' title='bbox 406 1178 593 1250; x_wconf 82' lang='lat' dir='ltr'><strong>praesentem</strong></span> <span class='ocrx_word' id='word_1_72' title='bbox 621 1170 786 1232; x_wconf 84' lang='lat' dir='ltr'><strong>molestiam</strong></span> <span class='ocrx_word' id='word_1_73' title='bbox 810 1170 972 1250; x_wconf 82' lang='lat' dir='ltr'><strong>mitigabis,</strong></span> <span class='ocrx_word' id='word_1_74' title='bbox 999 1187 1107 1230; x_wconf 86' lang='lat' dir='ltr'><strong>rerum</strong></span> <span class='ocrx_word' id='word_1_75' title='bbox 1130 1171 1214 1230; x_wconf 77' lang='lat' dir='ltr'><strong>etiem</strong></span> <span class='ocrx_word' id='word_1_76' title='bbox 1225 1192 1246 1230; x_wconf 85' lang='grc'><strong>3</strong></span> 
     </span>
     <span class='ocr_line' id='line_1_12' title="bbox 203 1258 850 1338; baseline 0.003 -20"><span class='ocrx_word' id='word_1_77' title='bbox 203 1261 234 1319; x_wconf 91' lang='lat' dir='ltr'><strong>in</strong></span> <span class='ocrx_word' id='word_1_78' title='bbox 258 1259 407 1338; x_wconf 85' lang='lat' dir='ltr'><strong>reliquum</strong></span> <span class='ocrx_word' id='word_1_79' title='bbox 430 1267 548 1338; x_wconf 90' lang='lat' dir='ltr'><strong>tempus</strong></span> <span class='ocrx_word' id='word_1_80' title='bbox 572 1277 607 1320; x_wconf 91' lang='lat' dir='ltr'><strong>eo</strong></span> <span class='ocrx_word' id='word_1_81' title='bbox 631 1262 702 1321; x_wconf 86' lang='lat' dir='ltr'><strong>vitio</strong></span> <span class='ocrx_word' id='word_1_82' title='bbox 726 1258 850 1320; x_wconf 92' lang='lat' dir='ltr'><strong>carebis.</strong></span> 
     </span>
    </p>

    <p class='ocr_par' dir='ltr' id='par_1_6' title="bbox 151 1346 1215 1516">
     <span class='ocr_line' id='line_1_13' title="bbox 151 1346 1215 1427; baseline -0.002 -19"><span class='ocrx_word' id='word_1_83' title='bbox 151 1358 185 1408; x_wconf 83' lang='grc'><strong>30</strong></span> <span class='ocrx_word' id='word_1_84' title='bbox 293 1346 429 1408; x_wconf 80' lang='lat' dir='ltr'><strong>Alumine</strong></span> <span class='ocrx_word' id='word_1_85' title='bbox 454 1367 490 1408; x_wconf 84' lang='lat' dir='ltr'><strong>ex</strong></span> <span class='ocrx_word' id='word_1_86' title='bbox 513 1355 597 1408; x_wconf 90' lang='lat' dir='ltr'><strong>aceto</strong></span> <span class='ocrx_word' id='word_1_87' title='bbox 620 1350 759 1427; x_wconf 89' lang='lat' dir='ltr'><strong>peruncti</strong></span> <span class='ocrx_word' id='word_1_88' title='bbox 777 1351 937 1427; x_wconf 90' lang='lat' dir='ltr'><strong>perniones</strong></span> <span class='ocrx_word' id='word_1_89' title='bbox 954 1356 1113 1427; x_wconf 81' lang='lat' dir='ltr'><strong>sanantur3</strong></span> <span class='ocrx_word' id='word_1_90' title='bbox 1136 1346 1215 1407; x_wconf 91' lang='lat' dir='ltr'><strong>bras·</strong></span> 
     </span>
     <span class='ocr_line' id='line_1_14' title="bbox 204 1436 1107 1516; baseline 0 -21"><span class='ocrx_word' id='word_1_91' title='bbox 204 1436 265 1496; x_wconf 81' lang='lat' dir='ltr'><strong>sicu</strong></span> <span class='ocrx_word' id='word_1_92' title='bbox 289 1453 408 1515; x_wconf 88' lang='lat' dir='ltr'><strong>quoque</strong></span> <span class='ocrx_word' id='word_1_93' title='bbox 431 1437 501 1497; x_wconf 90' lang='lat' dir='ltr'><strong>trita</strong></span> <span class='ocrx_word' id='word_1_94' title='bbox 525 1437 719 1516; x_wconf 88' lang='lat' dir='ltr'><strong>adpositaque</strong></span> <span class='ocrx_word' id='word_1_95' title='bbox 742 1437 937 1516; x_wconf 90' lang='lat' dir='ltr'><strong>pernionibus</strong></span> <span class='ocrx_word' id='word_1_96' title='bbox 959 1437 1107 1497; x_wconf 88' lang='lat' dir='ltr'><strong>medetur.</strong></span> 
     </span>
    </p>

    <p class='ocr_par' dir='ltr' id='par_1_7' title="bbox 149 1523 1246 1781">
     <span class='ocr_line' id='line_1_15' title="bbox 149 1523 1215 1606; baseline -0.002 -20"><span class='ocrx_word' id='word_1_97' title='bbox 149 1537 183 1586; x_wconf 88' lang='grc'><strong>30</strong></span> <span class='ocrx_word' id='word_1_98' title='bbox 292 1523 422 1606; x_wconf 86' lang='lat' dir='ltr'><strong>Fohum,</strong></span> <span class='ocrx_word' id='word_1_99' title='bbox 450 1532 579 1604; x_wconf 89' lang='lat' dir='ltr'><strong>costum,</strong></span> <span class='ocrx_word' id='word_1_100' title='bbox 607 1525 726 1586; x_wconf 88' lang='lat' dir='ltr'><strong>alumen</strong></span> <span class='ocrx_word' id='word_1_101' title='bbox 754 1525 914 1606; x_wconf 86' lang='lat' dir='ltr'><strong>liquidum,</strong></span> <span class='ocrx_word' id='word_1_102' title='bbox 941 1524 1059 1586; x_wconf 91' lang='lat' dir='ltr'><strong>alumen</strong></span> <span class='ocrx_word' id='word_1_103' title='bbox 1089 1527 1215 1585; x_wconf 89' lang='lat' dir='ltr'><strong>scissum</strong></span> 
     </span>
     <span class='ocr_line' id='line_1_16' title="bbox 202 1612 1246 1693; baseline -0.002 -19"><span class='ocrx_word' id='word_1_104' title='bbox 202 1614 268 1692; x_wconf 86' lang='lat' dir='ltr'><strong>pari</strong></span> <span class='ocrx_word' id='word_1_105' title='bbox 290 1613 422 1693; x_wconf 89' lang='lat' dir='ltr'><strong>pondere</strong></span> <span class='ocrx_word' id='word_1_106' title='bbox 445 1616 593 1674; x_wconf 87' lang='lat' dir='ltr'><strong>inunum</strong></span> <span class='ocrx_word' id='word_1_107' title='bbox 617 1623 738 1674; x_wconf 88' lang='lat' dir='ltr'><strong>contere</strong></span> <span class='ocrx_word' id='word_1_108' title='bbox 761 1622 792 1675; x_wconf 88' lang='lat' dir='ltr'><strong>et</strong></span> <span class='ocrx_word' id='word_1_109' title='bbox 815 1616 882 1674; x_wconf 87' lang='lat' dir='ltr'><strong>vino</strong></span> <span class='ocrx_word' id='word_1_110' title='bbox 905 1616 1000 1675; x_wconf 85' lang='lat' dir='ltr'><strong>reteri</strong></span> <span class='ocrx_word' id='word_1_111' title='bbox 1022 1615 1116 1673; x_wconf 87' lang='lat' dir='ltr'><strong>mixta</strong></span> <span class='ocrx_word' id='word_1_112' title='bbox 1139 1612 1246 1674; x_wconf 75' lang='lat' dir='ltr'><strong>uice-1⁵</strong></span> 
     </span>
     <span class='ocr_line' id='line_1_17' title="bbox 204 1700 1213 1781; baseline 0 -21"><span class='ocrx_word' id='word_1_113' title='bbox 204 1700 287 1762; x_wconf 92' lang='lat' dir='ltr'><strong>ribus</strong></span> <span class='ocrx_word' id='word_1_114' title='bbox 312 1704 373 1762; x_wconf 88' lang='lat' dir='ltr'><strong>sive</strong></span> <span class='ocrx_word' id='word_1_115' title='bbox 396 1704 531 1781; x_wconf 88' lang='lat' dir='ltr'><strong>rupturis</strong></span> <span class='ocrx_word' id='word_1_116' title='bbox 554 1701 707 1762; x_wconf 91' lang='lat' dir='ltr'><strong>hiantibus</strong></span> <span class='ocrx_word' id='word_1_117' title='bbox 729 1703 922 1781; x_wconf 78' lang='lat' dir='ltr'><strong>interdigitiis</strong></span> <span class='ocrx_word' id='word_1_118' title='bbox 951 1702 1073 1762; x_wconf 90' lang='lat' dir='ltr'><strong>adsidue</strong></span> <span class='ocrx_word' id='word_1_119' title='bbox 1097 1705 1213 1781; x_wconf 86' lang='lat' dir='ltr'><strong>inpone,</strong></span> 
     </span>
    </p>

    <p class='ocr_par' dir='ltr' id='par_1_8' title="bbox 150 1789 1285 1958">
     <span class='ocr_line' id='line_1_18' title="bbox 150 1789 1285 1870; baseline -0.001 -20"><span class='ocrx_word' id='word_1_120' title='bbox 150 1801 184 1852; x_wconf 78' lang='grc'><strong>37</strong></span> <span class='ocrx_word' id='word_1_121' title='bbox 202 1797 341 1868; x_wconf 87' lang='lat' dir='ltr'><strong>potenter</strong></span> <span class='ocrx_word' id='word_1_122' title='bbox 364 1789 530 1852; x_wconf 88' lang='lat' dir='ltr'><strong>medebere.</strong></span> <span class='ocrx_word' id='word_1_123' title='bbox 567 1790 752 1870; x_wconf 83' lang='lat' dir='ltr'><strong>Interdigitia</strong></span> <span class='ocrx_word' id='word_1_124' title='bbox 770 1799 854 1852; x_wconf 86' lang='lat' dir='ltr'><strong>sanat</strong></span> <span class='ocrx_word' id='word_1_125' title='bbox 872 1793 989 1851; x_wconf 92' lang='lat' dir='ltr'><strong>cerain</strong></span> <span class='ocrx_word' id='word_1_126' title='bbox 1008 1789 1073 1851; x_wconf 92' lang='lat' dir='ltr'><strong>oleo</strong></span> <span class='ocrx_word' id='word_1_127' title='bbox 1094 1794 1213 1869; x_wconf 80' lang='lat' dir='ltr'><strong>cyprino</strong></span> <span class='ocrx_word' id='word_1_128' title='bbox 1284 1824 1285 1869; x_wconf 65' lang='lat'>3</span> 
     </span>
     <span class='ocr_line' id='line_1_19' title="bbox 202 1880 946 1958; baseline 0.004 -20"><span class='ocrx_word' id='word_1_129' title='bbox 202 1880 326 1939; x_wconf 89' lang='lat' dir='ltr'><strong>remissa</strong></span> <span class='ocrx_word' id='word_1_130' title='bbox 350 1889 381 1940; x_wconf 88' lang='lat' dir='ltr'><strong>et</strong></span> <span class='ocrx_word' id='word_1_131' title='bbox 403 1881 539 1958; x_wconf 90' lang='lat' dir='ltr'><strong>inposita.</strong></span> <span class='ocrx_word' id='word_1_132' title='bbox 944 1916 946 1919; x_wconf 94' lang='lat'>-</span> 
     </span>
    </p>

    <p class='ocr_par' dir='ltr' id='par_1_9' title="bbox 149 1966 1212 2047">
     <span class='ocr_line' id='line_1_20' title="bbox 149 1966 1212 2047; baseline -0.001 -20"><span class='ocrx_word' id='word_1_133' title='bbox 149 1978 183 2028; x_wconf 89' lang='grc'><strong>33</strong></span> <span class='ocrx_word' id='word_1_134' title='bbox 291 1966 395 2028; x_wconf 91' lang='lat' dir='ltr'><strong>Pulmo</strong></span> <span class='ocrx_word' id='word_1_135' title='bbox 419 1969 558 2028; x_wconf 87' lang='lat' dir='ltr'><strong>cervinus</strong></span> <span class='ocrx_word' id='word_1_136' title='bbox 580 1969 728 2046; x_wconf 86' lang='lat' dir='ltr'><strong>inpositus</strong></span> <span class='ocrx_word' id='word_1_137' title='bbox 752 1975 783 2027; x_wconf 90' lang='lat' dir='ltr'><strong>et</strong></span> <span class='ocrx_word' id='word_1_138' title='bbox 805 1985 893 2047; x_wconf 92' lang='lat' dir='ltr'><strong>saepe</strong></span> <span class='ocrx_word' id='word_1_139' title='bbox 916 1974 1075 2028; x_wconf 85' lang='lat' dir='ltr'><strong>renovatus</strong></span> <span class='ocrx_word' id='word_1_140' title='bbox 1099 1986 1136 2027; x_wconf 87' lang='lat' dir='ltr'><strong>ex</strong></span> <span class='ocrx_word' id='word_1_141' title='bbox 1160 1966 1212 2027; x_wconf 90' lang='lat' dir='ltr'><strong>cai-</strong></span> 
     </span>
    </p>

    <p class='ocr_par' dir='ltr' id='par_1_10' title="bbox 150 2055 1245 2224">
     <span class='ocr_line' id='line_1_21' title="bbox 150 2055 1245 2135; baseline -0.004 -19"><span class='ocrx_word' id='word_1_142' title='bbox 150 2067 183 2116; x_wconf 89' lang='grc'><strong>33</strong></span> <span class='ocrx_word' id='word_1_143' title='bbox 204 2055 350 2115; x_wconf 88' lang='lat' dir='ltr'><strong>ciamento</strong></span> <span class='ocrx_word' id='word_1_144' title='bbox 370 2055 464 2115; x_wconf 88' lang='lat' dir='ltr'><strong>laesos</strong></span> <span class='ocrx_word' id='word_1_145' title='bbox 484 2056 575 2134; x_wconf 91' lang='lat' dir='ltr'><strong>pedes</strong></span> <span class='ocrx_word' id='word_1_146' title='bbox 594 2058 659 2116; x_wconf 92' lang='lat' dir='ltr'><strong>sine</strong></span> <span class='ocrx_word' id='word_1_147' title='bbox 677 2056 779 2117; x_wconf 88' lang='lat' dir='ltr'><strong>dolore</strong></span> <span class='ocrx_word' id='word_1_148' title='bbox 793 2064 940 2135; x_wconf 87' lang='lat' dir='ltr'><strong>persanat.</strong></span> <span class='ocrx_word' id='word_1_149' title='bbox 963 2056 1131 2135; x_wconf 81' lang='lat' dir='ltr'><strong>leporinus</strong></span> <span class='ocrx_word' id='word_1_150' title='bbox 1145 2074 1212 2134; x_wconf 87' lang='lat' dir='ltr'><strong>quo·</strong></span> <span class='ocrx_word' id='word_1_151' title='bbox 1224 2074 1245 2112; x_wconf 82' lang='lat' dir='ltr'><strong>n</strong></span> 
     </span>
     <span class='ocr_line' id='line_1_22' title="bbox 203 2142 1141 2224; baseline 0.004 -23"><span class='ocrx_word' id='word_1_152' title='bbox 203 2160 261 2221; x_wconf 90' lang='lat' dir='ltr'><strong>que</strong></span> <span class='ocrx_word' id='word_1_153' title='bbox 285 2142 386 2220; x_wconf 89' lang='lat' dir='ltr'><strong>pulmo</strong></span> <span class='ocrx_word' id='word_1_154' title='bbox 410 2142 502 2204; x_wconf 93' lang='lat' dir='ltr'><strong>multo</strong></span> <span class='ocrx_word' id='word_1_155' title='bbox 527 2145 679 2206; x_wconf 88' lang='lat' dir='ltr'><strong>efficacius</strong></span> <span class='ocrx_word' id='word_1_156' title='bbox 703 2152 849 2224; x_wconf 87' lang='lat' dir='ltr'><strong>utsupra</strong></span> <span class='ocrx_word' id='word_1_157' title='bbox 874 2146 1022 2224; x_wconf 89' lang='lat' dir='ltr'><strong>inpositus</strong></span> <span class='ocrx_word' id='word_1_158' title='bbox 1045 2153 1141 2217; x_wconf 73' lang='lat' dir='ltr'><strong>cusat.</strong></span> 
     </span>
    </p>

    <p class='ocr_par' dir='ltr' id='par_1_11' title="bbox 149 2231 1211 2400">
     <span class='ocr_line' id='line_1_23' title="bbox 149 2231 1211 2314; baseline -0.001 -22"><span class='ocrx_word' id='word_1_159' title='bbox 149 2244 183 2293; x_wconf 89' lang='grc'><strong>30</strong></span> <span class='ocrx_word' id='word_1_160' title='bbox 292 2231 335 2291; x_wconf 81' lang='lat' dir='ltr'><strong>Ad</strong></span> <span class='ocrx_word' id='word_1_161' title='bbox 355 2249 398 2310; x_wconf 86' lang='lat' dir='ltr'><strong>ea,</strong></span> <span class='ocrx_word' id='word_1_162' title='bbox 421 2249 498 2310; x_wconf 88' lang='lat' dir='ltr'><strong>quae</strong></span> <span class='ocrx_word' id='word_1_163' title='bbox 517 2231 627 2293; x_wconf 91' lang='lat' dir='ltr'><strong>calcata</strong></span> <span class='ocrx_word' id='word_1_164' title='bbox 646 2243 743 2314; x_wconf 87' lang='lat' dir='ltr'><strong>erunt,</strong></span> <span class='ocrx_word' id='word_1_165' title='bbox 764 2241 794 2294; x_wconf 92' lang='lat' dir='ltr'><strong>et</strong></span> <span class='ocrx_word' id='word_1_166' title='bbox 813 2252 856 2313; x_wconf 85' lang='lat' dir='ltr'><strong>ea,</strong></span> <span class='ocrx_word' id='word_1_167' title='bbox 880 2252 956 2312; x_wconf 88' lang='lat' dir='ltr'><strong>quae</strong></span> <span class='ocrx_word' id='word_1_168' title='bbox 975 2235 1095 2311; x_wconf 90' lang='lat' dir='ltr'><strong>corpori</strong></span> <span class='ocrx_word' id='word_1_169' title='bbox 1117 2232 1211 2293; x_wconf 90' lang='lat' dir='ltr'><strong>inhae-</strong></span> 
     </span>
     <span class='ocr_line' id='line_1_24' title="bbox 204 2318 1211 2400; baseline 0.002 -22"><span class='ocrx_word' id='word_1_170' title='bbox 204 2320 308 2400; x_wconf 79' lang='lat' dir='ltr'><strong>serint,</strong></span> <span class='ocrx_word' id='word_1_171' title='bbox 331 2318 511 2380; x_wconf 83' lang='lat' dir='ltr'><strong>extrahenda</strong></span> <span class='ocrx_word' id='word_1_172' title='bbox 534 2319 644 2400; x_wconf 90' lang='lat' dir='ltr'><strong>leporis</strong></span> <span class='ocrx_word' id='word_1_173' title='bbox 669 2322 824 2400; x_wconf 84' lang='lat' dir='ltr'><strong>coagulum</strong></span> <span class='ocrx_word' id='word_1_174' title='bbox 848 2340 917 2382; x_wconf 91' lang='lat' dir='ltr'><strong>cum</strong></span> <span class='ocrx_word' id='word_1_175' title='bbox 938 2320 1030 2382; x_wconf 88' lang='lat' dir='ltr'><strong>malva</strong></span> <span class='ocrx_word' id='word_1_176' title='bbox 1050 2324 1154 2382; x_wconf 89' lang='lat' dir='ltr'><strong>tritum</strong></span> <span class='ocrx_word' id='word_1_177' title='bbox 1171 2323 1211 2380; x_wconf 92' lang='lat' dir='ltr'><strong>in·</strong></span> 
     </span>
    </p>

    <p class='ocr_par' dir='ltr' id='par_1_12' title="bbox 149 2409 1242 2647">
     <span class='ocr_line' id='line_1_25' title="bbox 149 2409 1210 2489; baseline -0.002 -19"><span class='ocrx_word' id='word_1_178' title='bbox 149 2421 182 2470; x_wconf 85' lang='grc'><strong>31</strong></span> <span class='ocrx_word' id='word_1_179' title='bbox 204 2410 394 2488; x_wconf 89' lang='lat' dir='ltr'><strong>positumque</strong></span> <span class='ocrx_word' id='word_1_180' title='bbox 422 2417 561 2487; x_wconf 89' lang='lat' dir='ltr'><strong>potenter</strong></span> <span class='ocrx_word' id='word_1_181' title='bbox 589 2410 791 2488; x_wconf 83' lang='lat' dir='ltr'><strong>opitulabitur.</strong></span> <span class='ocrx_word' id='word_1_182' title='bbox 833 2409 960 2489; x_wconf 82' lang='lat' dir='ltr'><strong>Ssongea</strong></span> <span class='ocrx_word' id='word_1_183' title='bbox 987 2409 1035 2470; x_wconf 87' lang='lat' dir='ltr'><strong>vel</strong></span> <span class='ocrx_word' id='word_1_184' title='bbox 1056 2410 1124 2471; x_wconf 88' lang='lat' dir='ltr'><strong>lana</strong></span> <span class='ocrx_word' id='word_1_185' title='bbox 1145 2409 1210 2470; x_wconf 91' lang='lat' dir='ltr'><strong>lotio</strong></span> 
     </span>
     <span class='ocr_line' id='line_1_26' title="bbox 203 2493 1242 2578; baseline -0.003 -21"><span class='ocrx_word' id='word_1_186' title='bbox 203 2497 365 2559; x_wconf 82' lang='lat' dir='ltr'><strong>madefacta</strong></span> <span class='ocrx_word' id='word_1_187' title='bbox 396 2497 589 2577; x_wconf 89' lang='lat' dir='ltr'><strong>adpositaque</strong></span> <span class='ocrx_word' id='word_1_188' title='bbox 622 2500 686 2559; x_wconf 88' lang='lat' dir='ltr'><strong>sinc</strong></span> <span class='ocrx_word' id='word_1_189' title='bbox 718 2493 820 2559; x_wconf 90' lang='lat' dir='ltr'><strong>dolore</strong></span> <span class='ocrx_word' id='word_1_190' title='bbox 854 2517 930 2578; x_wconf 90' lang='lat' dir='ltr'><strong>quae</strong></span> <span class='ocrx_word' id='word_1_191' title='bbox 964 2502 1082 2578; x_wconf 89' lang='lat' dir='ltr'><strong>corpori</strong></span> <span class='ocrx_word' id='word_1_192' title='bbox 1115 2498 1242 2559; x_wconf 81' lang='lat' dir='ltr'><strong>iubae-ss</strong></span> 
     </span>
     <span class='ocr_line' id='line_1_27' title="bbox 203 2587 432 2647; baseline 0.004 -2"><span class='ocrx_word' id='word_1_193' title='bbox 203 2589 298 2646; x_wconf 87' lang='lat' dir='ltr'><strong>serint</strong></span> <span class='ocrx_word' id='word_1_194' title='bbox 322 2587 432 2647; x_wconf 85' lang='lat' dir='ltr'><strong>eximit.</strong></span> 
     </span>
    </p>

    <p class='ocr_par' dir='ltr' id='par_1_13' title="bbox 149 2673 1210 2932">
     <span class='ocr_line' id='line_1_28' title="bbox 149 2673 1209 2756; baseline 0 -21"><span class='ocrx_word' id='word_1_195' title='bbox 149 2685 183 2735; x_wconf 86' lang='grc'><strong>33</strong></span> <span class='ocrx_word' id='word_1_196' title='bbox 292 2673 323 2735; x_wconf 90' lang='lat' dir='ltr'><strong>Si</strong></span> <span class='ocrx_word' id='word_1_197' title='bbox 343 2676 445 2753; x_wconf 88' lang='lat' dir='ltr'><strong>stirpis</strong></span> <span class='ocrx_word' id='word_1_198' title='bbox 464 2673 561 2755; x_wconf 89' lang='lat' dir='ltr'><strong>aliqua</strong></span> <span class='ocrx_word' id='word_1_199' title='bbox 579 2674 750 2756; x_wconf 78' lang='lat' dir='ltr'><strong>inhaeserit,</strong></span> <span class='ocrx_word' id='word_1_200' title='bbox 769 2674 909 2736; x_wconf 89' lang='lat' dir='ltr'><strong>lacertam</strong></span> <span class='ocrx_word' id='word_1_201' title='bbox 928 2694 982 2755; x_wconf 90' lang='lat' dir='ltr'><strong>per</strong></span> <span class='ocrx_word' id='word_1_202' title='bbox 996 2675 1129 2736; x_wconf 91' lang='lat' dir='ltr'><strong>medium</strong></span> <span class='ocrx_word' id='word_1_203' title='bbox 1144 2678 1209 2736; x_wconf 91' lang='lat' dir='ltr'><strong>scis·</strong></span> 
     </span>
     <span class='ocr_line' id='line_1_29' title="bbox 205 2762 1210 2845; baseline 0.001 -23"><span class='ocrx_word' id='word_1_204' title='bbox 205 2779 267 2822; x_wconf 90' lang='lat' dir='ltr'><strong>sam</strong></span> <span class='ocrx_word' id='word_1_205' title='bbox 287 2765 315 2823; x_wconf 92' lang='lat' dir='ltr'><strong>ei</strong></span> <span class='ocrx_word' id='word_1_206' title='bbox 333 2762 398 2823; x_wconf 90' lang='lat' dir='ltr'><strong>loco</strong></span> <span class='ocrx_word' id='word_1_207' title='bbox 417 2766 566 2845; x_wconf 91' lang='lat' dir='ltr'><strong>apponito,</strong></span> <span class='ocrx_word' id='word_1_208' title='bbox 586 2762 742 2825; x_wconf 89' lang='lat' dir='ltr'><strong>celerrime</strong></span> <span class='ocrx_word' id='word_1_209' title='bbox 761 2764 920 2845; x_wconf 80' lang='lat' dir='ltr'><strong>educetur3</strong></span> <span class='ocrx_word' id='word_1_210' title='bbox 943 2764 989 2824; x_wconf 81' lang='lat' dir='ltr'><strong>vel</strong></span> <span class='ocrx_word' id='word_1_211' title='bbox 1009 2767 1105 2843; x_wconf 89' lang='lat' dir='ltr'><strong>capita</strong></span> <span class='ocrx_word' id='word_1_212' title='bbox 1123 2764 1210 2825; x_wconf 84' lang='lat' dir='ltr'><strong>lacer·</strong></span> 
     </span>
     <span class='ocr_line' id='line_1_30' title="bbox 203 2851 978 2932; baseline 0.005 -23"><span class='ocrx_word' id='word_1_213' title='bbox 203 2858 301 2910; x_wconf 90' lang='lat' dir='ltr'><strong>tarum</strong></span> <span class='ocrx_word' id='word_1_214' title='bbox 325 2860 450 2912; x_wconf 90' lang='lat' dir='ltr'><strong>contusa</strong></span> <span class='ocrx_word' id='word_1_215' title='bbox 473 2854 660 2931; x_wconf 89' lang='lat' dir='ltr'><strong>inpositaque</strong></span> <span class='ocrx_word' id='word_1_216' title='bbox 684 2851 820 2913; x_wconf 89' lang='lat' dir='ltr'><strong>similiter</strong></span> <span class='ocrx_word' id='word_1_217' title='bbox 843 2861 978 2932; x_wconf 87' lang='lat' dir='ltr'><strong>prosunt</strong></span> 
     </span>
    </p>

    <p class='ocr_par' dir='ltr' id='par_1_14' title="bbox 148 2938 1240 3177">
     <span class='ocr_line' id='line_1_31' title="bbox 148 2938 1240 3021; baseline 0 -23"><span class='ocrx_word' id='word_1_218' title='bbox 148 2950 182 2999; x_wconf 88' lang='grc'><strong>33</strong></span> <span class='ocrx_word' id='word_1_219' title='bbox 292 2938 324 2999; x_wconf 85' lang='lat' dir='ltr'><strong>st</strong></span> <span class='ocrx_word' id='word_1_220' title='bbox 342 2939 441 3000; x_wconf 90' lang='lat' dir='ltr'><strong>echini</strong></span> <span class='ocrx_word' id='word_1_221' title='bbox 460 2939 554 3001; x_wconf 91' lang='lat' dir='ltr'><strong>aculei</strong></span> <span class='ocrx_word' id='word_1_222' title='bbox 572 2941 700 3019; x_wconf 90' lang='lat' dir='ltr'><strong>pedibus</strong></span> <span class='ocrx_word' id='word_1_223' title='bbox 713 2941 898 3002; x_wconf 90' lang='lat' dir='ltr'><strong>inhaeserint</strong></span> <span class='ocrx_word' id='word_1_224' title='bbox 911 2950 963 3002; x_wconf 93' lang='lat' dir='ltr'><strong>aut</strong></span> <span class='ocrx_word' id='word_1_225' title='bbox 977 2940 1065 3002; x_wconf 89' lang='lat' dir='ltr'><strong>alicui</strong></span> <span class='ocrx_word' id='word_1_226' title='bbox 1079 2943 1209 3021; x_wconf 88' lang='lat' dir='ltr'><strong>corporis</strong></span> <span class='ocrx_word' id='word_1_227' title='bbox 1220 2957 1240 2998; x_wconf 81' lang='lat' dir='ltr'><strong>u</strong></span> 
     </span>
     <span class='ocr_line' id='line_1_32' title="bbox 201 3027 1209 3110; baseline 0.004 -24"><span class='ocrx_word' id='word_1_228' title='bbox 201 3028 292 3108; x_wconf 83' lang='lat' dir='ltr'><strong>parti,</strong></span> <span class='ocrx_word' id='word_1_229' title='bbox 316 3029 347 3088; x_wconf 95' lang='lat' dir='ltr'><strong>in</strong></span> <span class='ocrx_word' id='word_1_230' title='bbox 370 3027 441 3087; x_wconf 91' lang='lat' dir='ltr'><strong>lotio</strong></span> <span class='ocrx_word' id='word_1_231' title='bbox 464 3027 593 3090; x_wconf 91' lang='lat' dir='ltr'><strong>humano</strong></span> <span class='ocrx_word' id='word_1_232' title='bbox 617 3029 724 3090; x_wconf 91' lang='lat' dir='ltr'><strong>calenti</strong></span> <span class='ocrx_word' id='word_1_233' title='bbox 747 3030 853 3108; x_wconf 90' lang='lat' dir='ltr'><strong>pedem</strong></span> <span class='ocrx_word' id='word_1_234' title='bbox 877 3030 929 3091; x_wconf 94' lang='lat' dir='ltr'><strong>diu</strong></span> <span class='ocrx_word' id='word_1_235' title='bbox 952 3038 1031 3110; x_wconf 82' lang='lat' dir='ltr'><strong>tene,</strong></span> <span class='ocrx_word' id='word_1_236' title='bbox 1057 3028 1144 3091; x_wconf 80' lang='lat' dir='ltr'><strong>facile</strong></span> <span class='ocrx_word' id='word_1_237' title='bbox 1165 3048 1209 3090; x_wconf 86' lang='lat' dir='ltr'><strong>ex·</strong></span> 
     </span>
     <span class='ocr_line' id='line_1_33' title="bbox 202 3115 821 3177; baseline 0.005 -2"><span class='ocrx_word' id='word_1_238' title='bbox 202 3115 362 3177; x_wconf 84' lang='lat' dir='ltr'><strong>cutientur.</strong></span> <span class='ocrx_word' id='word_1_239' title='bbox 818 3151 821 3157; x_wconf 77' lang='lat'><em>‚</em></span> 
     </span>
    </p>
   </div>
   <div class='ocr_carea' id='block_1_3' title="bbox 148 3203 1210 3374">
    <p class='ocr_par' dir='ltr' id='par_1_15' title="bbox 148 3203 1210 3374">
     <span class='ocr_line' id='line_1_34' title="bbox 148 3203 1210 3286; baseline 0.002 -22"><span class='ocrx_word' id='word_1_240' title='bbox 148 3216 183 3264; x_wconf 80' lang='grc'><strong>34</strong></span> <span class='ocrx_word' id='word_1_241' title='bbox 292 3203 479 3286; x_wconf 82' lang='lat' dir='ltr'><strong>Observabis,</strong></span> <span class='ocrx_word' id='word_1_242' title='bbox 498 3212 532 3265; x_wconf 90' lang='lat' dir='ltr'><strong>ut</strong></span> <span class='ocrx_word' id='word_1_243' title='bbox 551 3207 759 3286; x_wconf 89' lang='lat' dir='ltr'><strong>quodcumque</strong></span> <span class='ocrx_word' id='word_1_244' title='bbox 779 3207 815 3267; x_wconf 88' lang='lat' dir='ltr'><strong>de</strong></span> <span class='ocrx_word' id='word_1_245' title='bbox 835 3224 962 3286; x_wconf 90' lang='lat' dir='ltr'><strong>corpore</strong></span> <span class='ocrx_word' id='word_1_246' title='bbox 982 3207 1073 3280; x_wconf 82' lang='lat' dir='ltr'><strong>fuerit</strong></span> <span class='ocrx_word' id='word_1_247' title='bbox 1086 3209 1210 3268; x_wconf 86' lang='lat' dir='ltr'><strong>eiectum</strong></span> 
     </span>
     <span class='ocr_line' id='line_1_35' title="bbox 201 3293 1210 3374; baseline 0.002 -21"><span class='ocrx_word' id='word_1_248' title='bbox 201 3293 269 3354; x_wconf 92' lang='lat' dir='ltr'><strong>licio</strong></span> <span class='ocrx_word' id='word_1_249' title='bbox 293 3293 443 3372; x_wconf 84' lang='lat' dir='ltr'><strong>alligatum</strong></span> <span class='ocrx_word' id='word_1_250' title='bbox 467 3294 644 3355; x_wconf 91' lang='lat' dir='ltr'><strong>candelabro</strong></span> <span class='ocrx_word' id='word_1_251' title='bbox 669 3295 832 3374; x_wconf 89' lang='lat' dir='ltr'><strong>suspendas</strong></span> <span class='ocrx_word' id='word_1_252' title='bbox 854 3305 906 3357; x_wconf 88' lang='lat' dir='ltr'><strong>aut</strong></span> <span class='ocrx_word' id='word_1_253' title='bbox 924 3303 1013 3356; x_wconf 90' lang='lat' dir='ltr'><strong>uncta</strong></span> <span class='ocrx_word' id='word_1_254' title='bbox 1032 3295 1097 3355; x_wconf 91' lang='lat' dir='ltr'><strong>oleo</strong></span> <span class='ocrx_word' id='word_1_255' title='bbox 1117 3295 1210 3357; x_wconf 91' lang='lat' dir='ltr'><strong>lanula</strong></span> 
     </span>
    </p>
   </div>
   <div class='ocr_carea' id='block_1_4' title="bbox 200 3497 1208 3642">
    <p class='ocr_par' dir='ltr' id='par_1_16' title="bbox 200 3497 1208 3642">
     <span class='ocr_line' id='line_1_36' title="bbox 290 3497 1208 3572; baseline 0.005 -22"><span class='ocrx_word' id='word_1_256' title='bbox 290 3497 475 3554; x_wconf 77' lang='lat' dir='ltr'><strong>omitiscunt.</strong></span> <span class='ocrx_word' id='word_1_257' title='bbox 560 3505 592 3554; x_wconf 86' lang='grc'><strong>16</strong></span> <span class='ocrx_word' id='word_1_258' title='bbox 612 3499 809 3572; x_wconf 82' lang='lat' dir='ltr'><strong>interdigitiis]</strong></span> <span class='ocrx_word' id='word_1_259' title='bbox 829 3499 1015 3572; x_wconf 69' lang='lat' dir='ltr'><strong>interdigitio</strong></span> <span class='ocrx_word' id='word_1_260' title='bbox 1093 3505 1129 3555; x_wconf 83' lang='grc'><strong>33</strong></span> <span class='ocrx_word' id='word_1_261' title='bbox 1147 3517 1208 3570; x_wconf 79' lang='lat' dir='ltr'><strong>quc·</strong></span> 
     </span>
     <span class='ocr_line' id='line_1_37' title="bbox 200 3562 1046 3642; baseline 0.009 -26"><span class='ocrx_word' id='word_1_262' title='bbox 200 3562 305 3631; x_wconf 80' lang='lat' dir='ltr'><strong>guium.</strong></span> <span class='ocrx_word' id='word_1_263' title='bbox 379 3571 412 3620; x_wconf 83' lang='grc'><strong>35</strong></span> <span class='ocrx_word' id='word_1_264' title='bbox 433 3583 554 3637; x_wconf 84' lang='lat' dir='ltr'><strong>corpore.</strong></span> <span class='ocrx_word' id='word_1_265' title='bbox 605 3571 774 3625; x_wconf 73' lang='grc'><strong>’3731003</strong></span> <span class='ocrx_word' id='word_1_266' title='bbox 849 3577 884 3626; x_wconf 85' lang='grc'><strong>38</strong></span> <span class='ocrx_word' id='word_1_267' title='bbox 903 3571 1046 3642; x_wconf 82' lang='lat' dir='ltr'><strong>opponite.</strong></span> 
     </span>
    </p>
   </div>
   <div class='ocr_carea' id='block_1_5' title="bbox 0 0 1310 4017">
    <p class='ocr_par' dir='ltr' id='par_1_17' title="bbox 0 0 1310 4017">
     <span class='ocr_line' id='line_1_38' title="bbox 0 0 1310 4017; baseline 0 1"><span class='ocrx_word' id='word_1_268' title='bbox 0 0 1310 4017; x_wconf 95' lang='lat' dir='ltr'><strong> </strong></span> 
     </span>
    </p>
   </div>
  </div>
 </body>
</html>
