2609 4017
601 194 845 260 -35‘2-

216 361 377 440 praecipue
400 358 454 418 hac
478 357 602 419 medella
625 359 805 436 extirpatur:
828 358 908 418 Auro
932 357 1065 418 fervente
1084 359 1227 417 circuitus

217 466 323 508 eorum
351 447 465 510 urendo
493 447 681 527 designatum
714 446 793 525 quod
825 449 924 526 potius
951 453 997 506 est
1025 463 1094 506 cum
1125 444 1226 505 dolore

217 539 344 598 maximo
372 536 407 596 ad
436 545 618 597 momentum
646 536 726 595 ferre
749 552 840 613 quam
860 537 1024 595 inveterato
1049 536 1137 595 etiam
1160 551 1225 594 555-

217 628 357 688 cromatis
380 624 483 684 morbo
507 641 614 686 noxam
636 631 798 703 perpetuae
821 622 982 684 debilitatis
1005 624 1169 684 incurrere.

163 720 197 770 49
305 713 395 774 Urina
423 713 496 773 mrrli
523 713 569 774 rel
596 712 693 774 mrrlac
720 712 766 774 vel
790 713 865 772 asini
888 730 957 773 cum
980 730 1035 773 suo
1059 710 1121 772 luto
1144 710 1247 772 inlitas

163 807 197 859 50
217 813 246 864 et
269 803 366 863 claros
390 801 487 862 abolet
508 811 538 862 et
557 801 639 862 callis
658 802 804 862 medetur.
841 800 943 862 Fimus
962 803 1062 862 511515
1081 802 1223 880 inpositus

215 891 262 951 rel
285 891 412 952 lacertae
436 892 520 952 iecur
538 899 589 952 aut
608 891 729 970 sanguis
748 892 780 951 in
798 890 896 951 lanula
914 889 1081 968 adplicatus
1099 888 1144 949 151
1164 891 1224 968 ipsa

214 979 325 1041 lacerta
353 988 472 1040 exsecta
500 980 634 1059 adposita
659 978 810 1041 clarorum
832 981 910 1039 intra
933 980 1066 1040 triduum
1090 997 1222 1057 perseve-

214 1072 340 1130 rantiam
363 1068 448 1131 tollit.

162 1162 194 1212 51
304 1157 421 1220 Fimum
445 1155 647 1218 columbinum
672 1175 707 1217 51
738 1164 821 1218 aceto
849 1164 966 1217 coctum
993 1165 1024 1217 et
1050 1158 1082 1216 in
1106 1156 1254 1217 modumu

216 1246 398 1325 malagmatis
431 1245 587 1307 subactum
620 1253 708 1324 atque
741 1246 909 1324 adpositum
940 1244 976 1304 ad
1009 1246 1109 1306 omnia
1138 1262 1224 1323 supra

73 1326 82 1338 '
153 1340 196 1392 ot
217 1337 328 1413 scripta
352 1335 543 1396 utilissimum
567 1351 632 1395 esse
657 1343 781 1395 constat.
815 1333 918 1395 Fimus
941 1335 1005 1412 apri
1027 1332 1074 1394 rel
1094 1335 1159 1394 suis
1178 1334 1223 1394 do

214 1423 330 1482 mestici
354 1440 460 1484 recens
483 1424 630 1500 inpositus
654 1429 684 1483 et
705 1431 774 1501 post
791 1425 914 1484 tertium
933 1422 1010 1482 diem
1030 1421 1149 1484 solutus
1168 1423 1223 1483 elfi-

160 1517 194 1568 53
214 1513 325 1572 caciter
348 1511 456 1593 clavos⁷
478 1529 619 1572 verrucas
643 1522 673 1572 et
695 1510 785 1572 callos
808 1512 913 1572 aufert.
950 1510 983 1570 st
1005 1527 1097 1589 supra
1120 1511 1224 1572 callum

213 1599 285 1661 alica
309 1619 345 1660 ex
369 1618 457 1679 posca
481 1607 565 1660 cocta
588 1618 642 1678 per
665 1601 799 1661 triduum
822 1601 929 1680 utaris,
958 1602 1020 1660 sine
1050 1599 1222 1660 difficultate
1233 1616 1253 1656 u

213 1688 370 1769 sanabere,
399 1692 486 1750 etiam
515 1690 541 1748 si
564 1690 650 1749 urina
674 1691 756 1749 canis
779 1690 903 1767 virginis
926 1707 994 1749 cum
1017 1706 1071 1749 suo
1096 1688 1222 1750 151515-

211 1779 309 1854 posita
333 1777 423 1838 callos
446 1795 646 1855 verrucasque
671 1781 828 1857 consumit,
850 1785 911 1838 tam
934 1777 985 1837 diu
1008 1786 1109 1838 tamen
1132 1776 1222 1838 inelli-

158 1872 193 1922 54
212 1872 291 1946 gata,
319 1866 460 1944 quamdiu
488 1883 538 1926 eas
566 1869 704 1925 excutiat
747 1864 855 1926 Tribus
879 1864 961 1926 labae
984 1867 1085 1943 granis
1109 1865 1220 1926 clarum

210 1957 323 2031 tangito
347 1971 440 2032 eaque
464 1956 495 2014 in
519 1954 692 2016 sterculinio
716 1954 860 2032 defodito‚
888 1972 927 2014 ne
950 1957 1067 2014 renasci
1093 1956 1218 2033 possint;
1284 1950 1285 1983 ¹

210 2048 321 2118 quanto
340 2045 487 2103 maturius
504 2045 744 2123 conputruerint,
761 2051 845 2103 tanto
859 2043 987 2104 celerius
1001 2041 1101 2102 clavos
1115 2051 1217 2122 sponte
1228 2059 1249 2098 11

210 2129 348 2188 decidere
372 2129 536 2190 miraberis,

156 2228 190 2278 55
299 2216 415 2298 Claros,
444 2220 496 2297 qui
523 2221 554 2279 15
582 2219 716 2280 articulis
744 2228 1007 2298 supercrescentes
1030 2219 1150 2280 dolores
1173 2238 1216 2279 ex·

209 2304 313 2366 hibere
337 2315 530 2388 consuerunt,
553 2308 644 2369 incidi
664 2307 709 2368 rel
727 2308 791 2369 radi
811 2308 845 2368 ad
865 2310 963 2368 rivum
982 2315 1110 2387 oportet,
1132 2315 1216 2387 prout

211 2397 279 2474 quis
302 2396 364 2474 pati
386 2397 525 2476 potuerit,
550 2403 638 2474 atque
663 2397 699 2456 de
722 2396 834 2475 lupinis
857 2397 958 2457 crudis
981 2399 1066 2475 prius
1090 2396 1214 2458 decoria-

208 2485 247 2544 tis
271 2484 396 2544 farinam
419 2484 525 2546 iactam
550 2483 689 2563 subigere
711 2503 780 2546 cum
803 2484 891 2545 melle
914 2492 944 2545 et
967 2485 1121 2564 emplastri
1138 2501 1246 2546 morou

208 2590 419 2651 superponere.

154 2672 187 2722 55
297 2661 426 2722 Subraso
455 2661 536 2722 claro
564 2661 675 2722 calcem
704 2663 798 2721 rivam
825 2663 906 2722 risco
934 2660 1088 2723 subactam
1112 2665 1213 2742 inpone

154 2759 188 2810 51
208 2757 238 2808 et
251 2749 404 2812 linteolum
420 2749 605 2830 superalliga‚
623 2753 683 2810 cito
702 2750 870 2811 medebere.
893 2751 1155 2829 huripigmentum
1168 2753 1213 2811 tri·

207 2844 270 2896 tum
296 2847 326 2898 et
349 2840 478 2899 resinam
501 2837 732 2899 terebinthinam
755 2839 913 2917 liquefacta
937 2841 973 2900 ad
992 2839 1212 2901 similitudinem

153 2936 187 2986 58
206 2927 302 2985 ceroti
319 2928 428 3004 inpone
447 2926 576 2988 clavellis
590 2930 675 3006 prius
689 2928 816 3009 derasis3
835 2930 911 2989 mire
923 2928 1068 3007 proderit.
1100 2928 1242 2990 Urtioaeu

205 3012 298 3092 radix,
317 3013 444 3075 medulla
464 3016 594 3094 caprifici
614 3023 644 3076 et
663 3015 718 3078 ilos
737 3015 903 3078 chalcitidis
922 3018 987 3096 pari
1000 3017 1136 3096 pondere
1149 3035 1211 3078 con·
1280 3052 1281 3111 t

205 3109 354 3163 teruntur.
387 3101 466 3164 Haec
486 3104 575 3165 simul
588 3107 679 3165 mixta
694 3104 759 3166 loco
773 3104 888 3166 clarelli
902 3123 1087 3185 superpones
1102 3116 1133 3166 et
1147 3105 1210 3184 liga·

203 3188 259 3271 bie,
275 3191 323 3252 die
338 3192 426 3252 tertia
441 3192 545 3273 solves,
563 3195 663 3253 statim
678 3194 804 3272 decidet,
819 3193 865 3254 rel
879 3196 905 3254 si
918 3194 1016 3255 adhuc
1030 3197 1210 3272 remanserit,

203 3280 309 3341 iterato
333 3283 458 3360 inpones
482 3289 512 3341 et
531 3281 631 3342 triduo
650 3281 711 3343 illic
730 3282 981 3344 medicamentum
998 3300 1065 3344 esse
1084 3285 1208 3361 patieris.
1279 3310 1280 3393 p

292 3489 544 3541 tmunomentum.
644 3492 678 3541 29
697 3487 905 3543 terebintinum.
1001 3494 1034 3544 at
1054 3489 1206 3544 euchiridio.

203 3555 236 3603 32
256 3551 391 3610 clavellis.
1278 3556 1279 3601 l
