2609 4017
582 158 800 250 ..pg-

132 347 289 409 1otfaciat:
308 350 385 409 intra
406 346 485 407 diem
504 349 699 408 vicensimum
717 345 895 427 personabit.
931 346 1084 408 Brassirae
1105 365 1197 409 sucus

181 436 305 498 naribus
332 436 450 497 infusus
478 438 574 515 capite
597 444 722 515 purgato
746 435 879 497 dolorem
903 452 1021 516 quoque
1045 438 1111 497 cius
1134 437 1195 496 etna

130 527 298 587 loocacitcr
321 524 431 585 adimit
468 524 561 585 Radix
585 526 721 605 pyrethri
742 528 774 585 in
797 524 859 585 sole
882 524 933 585 diu
953 525 1196 586 commanducata

130 616 274 677 locetiam
303 614 439 693 pituitam
469 612 597 692 expellit.
643 613 732 674 Hiera
760 616 855 674 maior
884 613 996 675 iaciens
1026 614 1062 675 ad
1089 618 1196 693 capitis

179 704 304 764 nimium
336 709 367 762 ct
398 710 528 763 veterem
561 702 694 763 dolorem
722 711 753 763 et
781 703 818 763 ad
846 702 1012 781 phlegmata
1040 703 1137 782 spissa
1165 711 1219 763 etr

180 793 341 852 constricta
373 790 496 851 laxanda
526 798 556 851 et
583 791 769 871 provocanda
797 810 834 852 ex
862 792 955 852 calida
982 808 1058 870 aqua
1085 793 1195 852 ieiunis

180 879 255 961 data,
278 879 314 940 ad
338 880 510 959 spleniticos
534 898 570 940 ex
593 897 693 961 posca,
715 880 753 940 ad
776 882 908 959 epaticos
929 898 966 941 ex
984 882 1053 940 vino
1072 880 1195 959 Graeco,

178 967 216 1029 ad
234 970 421 1029 accessiones
440 968 602 1029 cotidianas
621 976 690 1028 ante
708 970 909 1049 suspicionem
928 969 1016 1031 datur
1034 987 1070 1029 ex
1088 971 1194 1050 muria,

179 1058 248 1136 quia
275 1065 305 1117 et
333 1066 466 1119 ventrem
488 1065 647 1139 temperat3
675 1060 802 1118 maxime
825 1057 948 1136 prodest
971 1060 1060 1119 etiam
1083 1057 1194 1118 melan·

178 1145 355 1207 chelion-et
378 1148 591 1225 scotomaticis,
619 1146 715 1206 danda
742 1154 841 1207 autem
870 1146 1008 1207 omnibus
1031 1148 1139 1207 ieiunis
1164 1154 1194 1207 et
1208 1163 1234 1202 ro

177 1232 254 1295 benc
278 1236 400 1313 digestis
424 1235 460 1295 ad
485 1234 605 1295 modum
628 1238 714 1295 nucis
737 1234 899 1315 avellanam
923 1253 999 1315 quae
1022 1244 1194 1297 constater
1293 1211 1295 1278 l

177 1323 334 1402 speciebus
357 1324 416 1385 his:
446 1324 626 1384 Stoechados
646 1356 685 1366 ·-
703 1321 717 1382 i
736 1316 776 1410 2«
792 1323 850 1403 Vll,
874 1326 983 1403 agarici
1003 1356 1042 1367 —
1058 1323 1072 1383 Ι
1091 1317 1193 1410 Ml,
1293 1285 1294 1374 l

177 1411 408 1492 colocynthidas,
431 1413 461 1473 id
480 1420 527 1473 cst
545 1411 728 1492 cucurbitae,
751 1412 831 1491 quod
850 1412 939 1473 habet
959 1415 1087 1473 interius
1104 1412 1193 1473 molle

176 1502 256 1561 inter
272 1503 385 1561 semina
404 1503 546 1562 siccatum
565 1500 636 1561 -1
657 1493 696 1587 ,βα
712 1500 758 1583 Vl,
781 1503 959 1581 opopanacis
978 1494 1018 1588 2«
1033 1500 1092 1582 XV,
1111 1518 1194 1579 saga·

176 1592 245 1669 peni
261 1583 301 1676 ,βα
315 1589 374 1671 XV,
392 1590 566 1669 petroselini
581 1583 620 1677 ,βα
636 1589 695 1671 XV,
714 1590 899 1651 aristolociae
913 1590 1058 1651 rotundae
1078 1582 1118 1676 19⁴
1132 1588 1193 1669 XV,
1209 1606 1235 1646 rc

176 1680 289 1757 piperis
313 1678 371 1739 albi
395 1672 435 1766 19«
454 1678 513 1761 XV,
536 1681 725 1760 cinnamomi,
748 1680 847 1757 spicae
870 1679 968 1759 nardi,
992 1696 1107 1759 myrrae
1130 1686 1193 1739 oro·
1293 1761 1294 1764 Ἴ

176 1766 316 1849 glodytis‚
344 1768 421 1849 lolii,
449 1770 530 1829 croci
557 1770 662 1829 uncias
689 1767 833 1849 singulas,
861 1766 956 1828 mellis
984 1786 1054 1828 vero
1087 1769 1194 1846 optimi

175 1853 343 1933 despumati
369 1863 484 1917 tantum
511 1859 626 1937 mittes,
655 1865 800 1935 quantum
826 1856 956 1917 sufficiat
981 1856 1098 1936 pulveri
1126 1874 1193 1935 spe·
1293 1925 1294 1942 χ

175 1944 288 2004 cierum
312 1946 605 2023 suprascriptarum
629 1943 794 2023 colligendo
818 1944 854 2005 ad
877 1945 1102 2024 spissitudinem
1121 1961 1193 2005 con·
1293 1945 1294 1958 ²

175 2040 344 2111 grucntem,
368 2032 475 2093 deinde
498 2034 668 2094 coniectum
692 2033 875 2094 medicamen
897 2036 929 2093 in
953 2033 1072 2095 vasculo
1095 2036 1191 2093 vitreo
1206 2050 1234 2089 ro

125 2130 234 2181 107aut
261 2121 345 2181 fictili
372 2121 428 2182 sub
457 2122 608 2199 signaculo
636 2129 807 2199 reponatur.
854 2122 997 2201 Cupressi
1022 2123 1193 2183 tenuissimi

124 2208 282 2271 108radice
302 2217 391 2288 caput
410 2221 583 2271 coronatum
602 2210 735 2270 dolorem
754 2209 838 2270 brevi
857 2213 950 2289 ponit.
984 2210 1069 2271 Pelei
1083 2210 1193 2270 liorem

176 2297 343 2377 destringes
366 2306 396 2359 et
418 2306 498 2359 tores
522 2318 557 2359 ex
582 2300 658 2359 aceti
680 2298 795 2378 cyathis
818 2298 948 2377 duobus,
971 2299 1082 2359 adicies
1105 2306 1192 2359 rutae

174 2386 350 2447 tantundem
374 2395 516 2465 quantum
540 2386 621 2465 pulei
643 2395 674 2447 et
697 2406 786 2448 unam
809 2405 913 2466 cepam
938 2396 969 2448 et
991 2387 1061 2447 salis
1079 2386 1191 2447 bolum.

176 2473 250 2536 Cum
267 2477 364 2536 omnia
379 2478 449 2536 trita
463 2484 560 2557 erunt,
575 2475 686 2535 adicies
700 2475 759 2536 olei
772 2475 843 2536 boni
857 2476 995 2555 cyathum
1010 2485 1040 2536 et
1057 2478 1191 2535 tenuiter
1205 2490 1235 2532 ao
1293 2503 1294 2508 1

175 2562 344 2644 subcoques
368 2583 401 2625 ac
424 2564 500 2625 bene
524 2563 719 2644 permiscebis
738 2572 827 2643 atque
845 2564 987 2626 adversus
1005 2564 1081 2644 pilos
1100 2574 1192 2642 caput

174 2670 210 2713 cx
234 2672 269 2714 eo
293 2652 451 2731 diligenter
474 2671 633 2732 perunges.

172 2905 229 2961 Ao
260 2917 379 2959 omnes
408 2904 543 2959 dolores
570 2810 746 2961 enlliblbnlil
770 2908 806 2960 et
832 2906 1031 2961 eteroorcnii
1057 2904 1191 2961 subitos

573 2995 608 3049 ot
630 2993 791 3051 diutinos.

140 3106 153 3153 1
263 3090 417 3153 Hirciuum
441 3092 543 3153 fimum
566 3094 670 3154 tritum
695 3113 764 3155 cum
787 3103 870 3155 aceto
891 3093 1028 3155 scillitioo
1046 3097 1138 3155 misce
1157 3101 1190 3154 et

173 3181 265 3241 fronti
296 3188 327 3241 et
358 3180 543 3260 temporibus
574 3181 680 3265 inline3
711 3183 768 3244 hoc
800 3184 836 3244 ad
869 3183 1002 3244 dolorem
1034 3184 1187 3243 emicranii

245 3333 346 3390 tiera.
420 3334 626 3403 bphleumeis.
692 3336 806 3407 irino]
824 3336 898 3391 feno.
957 3341 988 3390 12
1008 3336 1189 3407 stoechados]
1293 3345 1295 3410 y

172 3406 371 3558 streated'plpgItan
372 3409 418 3529 l125
428 3406 648 3559 ‘prpprronssmnfiho
667 3408 854 3559 subquoques.

246 3552 279 3602 27
299 3547 491 3602 sorliihsnmo.
565 3554 599 3603 ΞΒ
618 3548 775 3617 emigraturi,
794 3550 858 3604 ihm
876 3553 919 3615 39,
942 3554 964 3601 1.
