2609 4017
472 196 708 261 -129-

77 362 192 442 Cyperi
217 395 255 405 -
276 360 312 439 ll,
334 358 405 420 salis
427 362 605 422 ammoniaci
625 359 715 443 -11,
738 363 866 439 pumicis
886 393 929 404 -
947 359 995 442 lll,
1018 379 1095 422 mar-

78 453 175 511 moris
199 449 317 511 candidi
338 481 376 492 -
397 447 450 529 lll,
473 449 712 510 schoenoantbus
733 449 860 530 -llll,
883 452 979 510 casiae
1000 449 1095 530 -ll,

78 539 146 600 lolii
168 571 214 583 -
232 538 259 620 l,
280 540 393 618 piperis
420 537 480 598 albi
501 571 546 582 -
563 537 590 619 l,
617 538 781 617 specularis
809 541 869 599 usti
895 571 933 582 -
954 538 979 618 l,
1010 542 1096 600 corni

79 629 197 689 cervini
219 629 281 688 usti
304 659 346 670 -
365 627 388 707 l,
414 629 507 687 ostrei
528 635 675 689 testarum
697 637 832 689 ustorum
851 660 895 672 —
911 628 933 707 l,
956 628 1094 689 aluminis

53 719 171 778 oscissi
192 749 230 760 -
247 715 269 796 l,
292 717 424 776 masticis
442 749 485 758 -
499 715 522 795 l,
543 717 622 777 turis
645 718 750 795 optimi
771 749 816 761 —
834 717 857 796 l,
880 712 996 796 inyrrae
1016 749 1057 760 -
1072 715 1094 778 1.

81 806 194 866 Tunsis
207 804 399 883 criblatisque
414 804 461 866 bis
475 804 614 865 omnibus
629 813 660 865 et
674 808 705 866 in
719 806 871 884 pulverem
885 807 1094 867 tenuissimum

82 894 213 955 redactis
236 902 325 973 atque
347 894 504 971 permixtis
522 892 558 954 ad
577 893 810 955 incolumitatem
829 901 860 955 et
878 897 1005 956 nitorem
1023 895 1094 955 den·

81 985 158 1044 tium
182 984 286 1043 uteris.
327 980 441 1042 Pernae
464 982 609 1043 scrofinae
633 1001 676 1065 os,
700 982 779 1062 quod
802 991 848 1044 est
871 982 1093 1063 amplissimum,
1114 997 1148 1048 18

82 1070 272 1132 combustum
286 1072 451 1149 tritumque
466 1073 611 1150 optimum
626 1080 657 1132 et
667 1071 784 1132 salubre
795 1072 996 1133 dentifricium
1010 1090 1094 1150 prae·

41 1182 68 1220 1o
82 1166 154 1242 stat3
173 1161 306 1238 gingivas
325 1159 405 1219 enim
424 1161 516 1220 siccat
532 1166 562 1220 et
580 1159 739 1240 adstringit
752 1160 915 1239 dentesque
930 1160 966 1221 ab
980 1161 1095 1221 umoris

81 1251 193 1310 iniuria
216 1256 247 1308 et
268 1255 386 1309 tumore
409 1248 549 1311 11111111.
586 1247 711 1328 Cybium
733 1251 877 1328 optimum
900 1267 934 1310 ac
959 1251 1150 1313 vetustis-14

81 1341 193 1398 simum
221 1336 295 1397 ollae
322 1336 436 1397 inditur
464 1355 558 1416 eaque
586 1337 688 1415 argilla
711 1339 930 1400 circumlinitur
953 1345 983 1399 et
1006 1339 1094 1399 furno

80 1427 200 1486 ardenti
223 1424 361 1506 obicitur,
385 1432 419 1486 ut
441 1425 478 1486 ad
501 1429 632 1486 cinerem
656 1427 775 1507 cybium
798 1434 994 1509 excoquatur3
1022 1433 1095 1488 tunc

80 1515 198 1576 adiecto
222 1513 309 1574 Pario
331 1513 428 1593 lapide
452 1523 578 1576 contuso
601 1514 771 1577 salsamenti
795 1534 886 1595 supra
908 1513 980 1576 dicti
998 1514 1094 1576 favilla

40 1623 67 1663 rs
80 1605 259 1666 conteritur.
296 1601 360 1663 lloc
383 1602 586 1665 dentifricium
609 1606 650 1664 ita
673 1605 784 1665 bonurn
808 1611 863 1684 est,
887 1613 919 1664 ut
943 1603 978 1665 ad
1001 1605 1095 1664 inani·

80 1701 176 1754 tatem
202 1691 308 1752 dentes
334 1709 395 1751 non
422 1694 501 1752 sinat
527 1694 692 1771 pervenire.
738 1692 868 1753 Masticis
899 1724 936 1734 —
964 1690 990 1771 l,
1018 1693 1095 1751 turis
1117 1704 1150 1754 15

80 1783 189 1862 optimi
216 1813 252 1824 -
273 1779 300 1861 l,
322 1798 439 1859 myrrae
466 1813 503 1824 -
524 1781 551 1860 l,
575 1780 638 1841 lolii
662 1814 704 1824 -
723 1781 749 1860 l,
772 1783 826 1841 iris
848 1778 981 1858 lllyricac
1006 1811 1048 1822 -
1072 1779 1094 1858 l,

81 1873 180 1931 casiae
207 1902 245 1912 -
266 1867 288 1950 l,
311 1878 376 1929 tere
398 1869 471 1930 baec
495 1868 653 1948 diligenter
677 1878 765 1949 atque
786 1871 932 1949 permisce
952 1876 983 1929 et
1001 1868 1096 1929 denti·

80 1961 204 2020 iricium
227 1959 325 2039 lecito,
349 1958 428 2037 quod
452 1958 608 2020 mirabere.
648 1958 741 2019 Nardi
764 1960 862 2038 spicae
881 1989 924 2002 —
942 1957 965 2038 l,
988 1958 1096 2018 amomi
1116 1970 1151 2022 11

41 2066 68 2105 eo
84 2081 123 2090 -
140 2047 164 2128 1,
181 2049 295 2126 piperis
311 2079 350 2090 -
366 2046 388 2127 l,
410 2047 458 2108 bis
478 2049 576 2108 tunsis
595 2047 787 2127 criblatisqne
806 2047 843 2108 ad
861 2046 1095 2109 incolumitatem

82 2137 219 2198 dentium
242 2135 386 2196 utendum
410 2137 537 2197 essedo
561 2139 771 2216 experimentis
795 2135 962 2198 suademus.

173 2224 355 2303 Compositio
383 2224 558 2305 dentifricii,
586 2244 674 2303 quam
698 2226 847 2286 Artemius
871 2226 974 2285 Dianio
998 2232 1095 2286 osten·
1116 2237 1150 2287 1'1

82 2315 140 2394 dit,
165 2321 271 2374 contra
294 2312 428 2373 dentium
452 2313 620 2375 stridorem.
666 2314 776 2375 Panem
799 2313 958 2376 candidum
982 2316 1095 2375 siccum

83 2410 250 2482 vetustum,
278 2403 330 2481 qui
352 2404 411 2462 teri
433 2405 542 2481 possit,
569 2402 673 2482 salem,
701 2405 800 2485 piper,
828 2402 944 2483 lolium,
971 2409 1095 2482 costum,

42 2509 69 2551 ss
83 2509 210 2552 cornum
234 2492 397 2571 cervinum,
419 2490 493 2551 baec
516 2493 620 2570 ecquis
642 2490 825 2570 ponderibus
848 2501 928 2551 teres
949 2491 986 2551 ad
1005 2493 1095 2551 mani-

81 2599 162 2640 mam
189 2579 338 2640 levitatem
367 2586 397 2640 et
424 2579 533 2641 cotidie
557 2580 626 2641 inde
650 2579 754 2640 dentes
777 2577 909 2657 curabis,
935 2596 994 2656 qno
1017 2579 1095 2638 lacto

82 2668 245 2730 stridorem
264 2687 367 2729 eorum
387 2687 505 2728 omnem
524 2686 718 2747 umoremque
737 2666 875 2747 dopelles.
903 2665 947 2725 dd
966 2664 1095 2726 colorem
1117 2677 1151 2726 18

83 2757 212 2818 nitidum
236 2756 354 2817 reducit
376 2757 481 2818 dentes
504 2760 616 2819 nitrum
639 2775 708 2818 cum
731 2773 820 2836 porro
841 2755 910 2815 rudi
929 2762 1047 2815 coctum
1066 2760 1096 2814 et

83 2865 139 2925 pro
169 2846 339 2906 dentifricio
372 2854 532 2924 sumptum.
577 2846 621 2906 Ad
654 2846 760 2906 dentes
790 2847 893 2924 nigros
925 2842 1095 2924 purgandos
1116 2854 1150 2904 19

44 2952 191 3015 coponem
219 2933 379 2995 candidum
407 2944 437 2994 11
464 2936 612 3014 pumicem
642 2936 706 3013 pari
735 2934 866 3013 pondere
894 2933 1036 2995 combure
1066 2941 1097 2994 et

84 3032 147 3085 tere
171 3031 262 3103 atque
286 3023 410 3084 adsidue
437 3022 494 3084 boc
522 3023 691 3085 dentifricio
719 3032 812 3084 utere.
859 3023 901 3083 lic
929 3025 1096 3102 saepiarum
1115 3033 1152 3083 20

84 3111 204 3174 ossibus
224 3111 303 3190 quod
321 3120 368 3173 cst
385 3110 473 3172 molle
495 3145 533 3155 -
548 3111 612 3193 llll,
632 3110 702 3172 salis
721 3114 894 3172 ammoniaci
911 3111 1001 3190 -ll,
1020 3129 1096 3172 mar·

82 3203 178 3262 moris
201 3200 320 3261 candidi
345 3233 384 3243 -
406 3199 446 3280 ll,
470 3199 709 3261 schoenoantbns
734 3232 772 3242 -
795 3199 861 3280 llll,
884 3202 1039 3261 casiae-
1061 3199 1097 3271 Π,

83 3289 148 3350 lolii
161 3321 207 3332 —
220 3288 243 3368 l,
261 3290 373 3367 piperis
391 3287 450 3348 albi
464 3291 656 3369 semunciam,
673 3287 783 3349 herbae
802 3287 972 3368 cyclaminis
991 3304 1097 3346 sucum

157 3430 175 3478 2
195 3423 392 3493 scynoonthos.
448 3429 463 3478 1
482 3423 715 3492 incolomitatem,
733 3424 796 3477 itero
814 3429 858 3478 20.
911 3427 944 3476 10
962 3419 1096 3476 humoris.

86 3499 121 3549 15
138 3496 186 3566 11]
205 3498 243 3549 et
297 3501 331 3548 21
350 3495 486 3549 utendum
503 3511 564 3551 osse
582 3512 634 3551 ona.
680 3501 713 3549 22
732 3493 832 3548 Diano.
889 3492 1099 3560 1311111111,

84 3568 151 3621 item
168 3572 212 3622 ³0.
284 3571 319 3620 33
338 3565 515 3634 ocynoathos.
587 3561 803 3622 cruciaminis.

139 3663 299 3716 1111111111,
311 3674 351 3706 nn.
364 3665 519 3708 Hunmmm
921 3656 938 3705 9
