2609 4017
589 136 829 200 -292-

596 314 676 376 ChP.
699 314 826 376 XXVIII.

203 427 394 485 Lumbriols
412 428 447 482 et
464 426 564 482 tineis
578 429 613 481 et
625 426 808 483 interaneis
822 425 935 483 causis
947 425 984 481 id
997 427 1049 480 est
1061 426 1211 481 tenesmo

203 520 239 572 et
261 517 306 572 sd
327 528 427 571 rosus
448 514 577 570 ventris
604 517 640 569 et
667 514 816 571 stroium
837 514 895 570 vel
915 514 1082 570 intestinis
1106 513 1212 583 ruptis

203 616 390 675 eorumque
413 602 589 659 doloribus
611 603 762 659 remedia
783 602 926 673 physica
947 605 983 658 et
1003 602 1213 658 rationabilia

474 690 608 747 diverse
632 692 675 747 de
698 690 950 761 experimentis.

170 844 184 891 1
291 824 402 886 Verum
431 825 598 887 remedium
625 825 661 886 ad
688 828 785 887 tineas
816 827 964 887 necandas
995 833 1027 886 et
1054 826 1213 887 eiciendas:

203 914 261 975 Per
284 914 418 975 triduum
445 914 542 975 alcum
570 932 659 993 quam
686 914 848 993 plurimum
875 915 944 976 edat
967 917 1021 995 qui
1045 914 1104 975 hac
1130 913 1214 974 mole

204 1004 260 1063 stia
287 1002 433 1063 laborabit
460 1010 490 1063 et
514 1001 653 1063 heiaceos
677 1010 777 1063 coctos
801 1011 831 1064 et
853 1002 1116 1065 caseum-mollem
1139 1021 1214 1063 man·

204 1091 306 1172 duoet3
329 1099 398 1170 post
419 1090 477 1152 hoc
498 1098 598 1151 autem
616 1090 712 1152 felicis
730 1090 937 1152 Macedonicae
956 1091 1058 1152 aridae
1077 1099 1215 1153 contusae

205 1179 352 1241 cribratae
376 1178 484 1240 xviii
507 1196 576 1239 cum
594 1178 691 1259 melle,
714 1188 859 1258 quantum
877 1182 941 1258 ipse
960 1180 1099 1261 voluerit,
1123 1187 1235 1241 sumats

205 1275 323 1347 etpost
344 1267 432 1327 horas
452 1274 593 1346 quattuor
612 1268 722 1328 dentur
742 1270 771 1328 ei
788 1268 867 1329 aloes
886 1280 917 1329 et
935 1270 1105 1329 scamoniae
1119 1270 1215 1346 singu·

205 1354 301 1415 lorum
326 1354 352 1414 ll
375 1357 515 1416 semisses
537 1374 574 1415 ex
595 1374 689 1435 aquae
707 1356 821 1418 mulsae
839 1356 952 1437 cyathis
971 1365 1130 1438 quattuor3
1153 1375 1215 1418 cun
1276 1381 1277 1396 ¹

206 1461 276 1504 vero
305 1445 438 1522 coeperit
466 1443 641 1526 desumere,
670 1463 746 1524 aqua
769 1445 863 1506 calida
886 1447 915 1505 ei
937 1454 1140 1527 supponatur,
1163 1461 1215 1523 qua

206 1538 309 1611 postea
333 1530 393 1592 elui
418 1540 449 1593 et
472 1532 565 1593 foveri
587 1532 685 1593 debet

170 1634 187 1683 2
294 1620 339 1680 Ad
366 1619 528 1681 lumbricos
556 1619 747 1699 depellendos
775 1622 847 1682 satis
875 1621 1027 1682 commode
1050 1622 1127 1683 lacit
1149 1621 1244 1681 San-1⁰

204 1711 302 1769 tonica
324 1707 431 1789 herba,
454 1727 530 1787 quae
553 1709 735 1770 absinthium
759 1709 878 1789 dicitur,
903 1712 930 1770 si
951 1709 999 1770 vel
1021 1710 1128 1771 viridis
1151 1726 1214 1770 cum

206 1814 281 1875 aqua
304 1796 340 1856 ad
361 1800 465 1858 tertias
484 1805 568 1858 cocta
585 1806 707 1876 potetur
725 1797 771 1858 vel
789 1800 869 1858 sicca
887 1800 957 1858 trita
975 1816 1012 1858 ex
1030 1798 1120 1859 melle
1138 1815 1214 1858 man·

206 1883 347 1964 ducetur3
370 1903 480 1946 cornus
500 1904 618 1965 quoquc
637 1888 751 1946 cervini
768 1884 863 1946 limati
880 1886 948 1946 lima
966 1886 1089 1965 lignaria
1110 1885 1213 1964 scobis,

207 1979 351 2050 quantum
374 1971 428 2032 llll
451 1971 497 2031 vel
515 1972 540 2031 V
558 1974 696 2034 cocliaria
718 1977 787 2053 sint,
810 1992 845 2034 ex
869 1993 953 2053 aqua,
976 1976 1008 2035 in
1031 1993 1089 2054 qua
1114 1975 1213 2035 decoc-

206 2067 256 2119 tus
279 2058 370 2118 luerit
392 2062 457 2138 ipsc
480 2060 588 2142 scobis,
611 2072 700 2140 potus
722 2061 759 2123 ad
782 2062 905 2142 cyathos
927 2062 967 2122 lIl
989 2063 1116 2123 mirifice
1135 2064 1244 2141 iaci131⁵

206 2147 271 2225 rapi
294 2148 382 2206 etiam
406 2149 527 2207 seminis
551 2150 675 2228 cyathus
698 2169 734 2210 ex
758 2152 838 2228 passi
861 2151 975 2230 cyathis
1000 2150 1097 2212 tribus
1121 2150 1213 2231 pridie

206 2241 382 2315 maceratus,
405 2234 512 2296 deiude
535 2239 625 2298 tritus
648 2248 679 2299 et
701 2238 788 2299 datus
810 2256 887 2317 aqua
910 2240 1017 2317 exigua
1038 2239 1154 2300 adiecta
1173 2240 1213 2298 in-

206 2322 323 2383 finitum
346 2322 490 2385 medetur.

170 2425 186 2473 3
294 2410 456 2473 Tenesmos
479 2421 526 2473 est
544 2415 676 2474 inritatio
696 2413 816 2475 ultimae
834 2417 928 2493 partis
947 2415 1054 2475 directi
1072 2416 1212 2493 intestini,

205 2501 237 2561 iu
260 2518 319 2579 quo
343 2502 414 2561 vitio
438 2503 557 2580 saepius
579 2501 653 2563 libet
676 2501 837 2581 desurgere
861 2505 926 2563 sine
948 2521 1046 2564 causa.
1079 2503 1243 2564 Proderitso

207 2606 277 2667 ergo
305 2589 342 2649 ad
369 2590 427 2649 hoc
453 2590 557 2650 vitium
590 2589 811 2670 depellendum,
843 2594 983 2670 quotiens
1014 2592 1213 2653 desurrexerit

206 2678 287 2756 quis,
315 2685 350 2737 ut
376 2679 444 2738 vino
472 2686 591 2739 austero
618 2680 710 2740 mixto
738 2698 806 2740 cum
835 2697 911 2758 aqua
937 2679 1032 2740 calida
1055 2698 1089 2741 se
1111 2680 1212 2741 foveat

206 2762 358 2825 Verbenae
382 2773 412 2826 et
434 2774 547 2845 myrtae
571 2774 601 2827 et
624 2766 717 2827 olivae
739 2766 862 2829 ramulis
884 2770 1004 2847 iunctis,
1027 2770 1068 2829 ita
1089 2776 1123 2829 ut
1140 2768 1211 2828 duae

206 2864 307 2929 partes
335 2862 446 2931 myrtae
475 2856 548 2934 sint,
574 2853 722 2934 simulque
750 2856 882 2916 decoctis
908 2858 954 2916 uti
979 2858 1118 2916 convenii
1140 2872 1211 2934 aqua

206 2939 394 3015 frequentius
423 2940 459 3000 ad
487 2940 700 3025 subluendum3
728 2946 802 3022 quin
828 2946 917 3004 etiam
943 2942 1115 3023 penicillum
1140 2945 1242 3004 tino-2⁵

206 3033 270 3086 tum
299 3043 333 3086 eo
361 3027 476 3106 liquore
504 3039 535 3091 et
560 3048 621 3090 non
649 3034 737 3093 nimis
765 3049 939 3110 expressum
966 3039 1055 3111 atque
1083 3050 1138 3092 ano
1166 3029 1211 3091 ad-

205 3115 336 3193 positum
363 3115 497 3193 proderit
525 3117 570 3177 vel
597 3119 702 3179 eodem
730 3119 816 3179 modo
844 3118 981 3198 globulus
1009 3122 1144 3181 staminis
1165 3117 1210 3179 ad-

205 3204 321 3281 positus
339 3205 432 3285 iuvat;
451 3203 563 3266 diutius
582 3208 662 3268 euim
676 3225 815 3287 vaporem
830 3209 971 3268 continet.
1000 3207 1209 3287 Peruugcndus

295 3340 337 3394 tit.
356 3336 499 3395 intestino.

296 3409 483 3478 lnegandes.
583 3408 707 3463 edetur.
803 3412 964 3483 ieyathos.
1061 3416 1095 3466 18
1114 3411 1209 3481 scopis.

206 3480 240 3529 23
259 3476 368 3533 mirice.
439 3479 503 3533 duo.
576 3485 610 3533 25
630 3480 807 3547 penicellum.
