2609 4017
564 121 803 186 -218—

124 296 175 345 138
267 282 376 345 Sabuci
398 283 474 344 liber
496 286 575 345 inter
599 286 741 344 corticem
763 291 793 343 et
811 282 965 343 surculum
984 300 1071 343 rasus
1090 289 1120 341 et
1140 283 1195 341 tri-

177 381 226 434 tus
254 382 342 452 atque
371 373 406 433 ad
434 374 520 433 nucis
548 372 697 451 iuglandis
725 372 956 451 magnitudinem
986 390 1022 431 ex
1044 389 1123 450 aqua
1147 369 1195 429 vel

177 462 273 523 mulso
296 468 386 540 potus
409 462 485 521 miro
508 460 596 521 modo
620 461 749 521 detrahit
772 459 861 521 bilem
884 479 918 520 ae
940 459 1127 521 stomachum
1147 477 1195 519 re

126 550 267 611 taelevat.
300 549 470 611 Vettonieae
492 549 603 610 herbae
627 550 696 610 lolia
718 552 749 609 in
768 550 873 610 umbra
892 549 1020 610 arelacta
1039 547 1194 608 contunde
1297 625 1299 629 ,

179 648 208 699 et
232 638 324 700 erlbla
348 646 436 717 atque
461 657 497 698 ex
520 657 555 699 eo
579 638 701 717 pulvere
725 638 877 717 paululum
901 646 930 698 et
953 637 1051 697 mellis
1075 636 1224 697 decoctis
1297 630 1299 652 '

179 728 317 807 cyathum
340 746 432 788 unum
456 730 603 806 permisce
622 736 711 806 atque
729 728 798 787 iude
817 736 885 806 post
903 745 1007 787 cenam
1027 725 1062 785 ad
1082 727 1195 804 magni-

178 816 311 877 tudinem
327 817 433 876 ciceris
447 815 730 894 transgluttiendum
745 815 829 876 dabis
842 818 879 897 ei,
894 817 946 895 qui
959 814 1062 875 cibum
1075 815 1195 893 evomit,
1297 809 1299 896 ζ

128 906 283 967 140statim
311 912 410 983 potest
439 907 600 965 continere.
648 904 788 965 Radicem
812 904 970 965 ficulneam
998 905 1060 963 vini
1082 904 1194 963 veteris
1297 898 1299 960 ἓ

179 992 283 1071 cyatho
311 1011 370 1053 uno
399 994 501 1054 inrade
530 1001 560 1054 et
587 983 761 1073 priusquam
789 1012 878 1054 cenes
905 992 952 1053 rel
975 992 1110 1053 cubitum
1135 1009 1195 1071 eas,

128 1081 288 1162 141bibito,
312 1084 338 1142 si
360 1084 432 1143 vitio
456 1082 601 1142 stomachi
623 1081 780 1143 laborabis,
817 1081 934 1143 Laseris
955 1083 1019 1141 veri
1041 1080 1194 1141 modicum
1210 1098 1239 1137 1o

181 1189 217 1231 ex
237 1190 329 1249 aquae
349 1171 472 1249 frigidae
491 1171 605 1251 cyathis
620 1179 760 1249 quattuor
774 1170 854 1231 dilue
869 1180 899 1231 et
912 1170 1075 1230 dormitum
1094 1172 1194 1229 iturus

179 1258 257 1341 bibe,
280 1270 314 1319 ut
337 1258 437 1319 cibum
460 1259 535 1321 bene
559 1278 737 1340 concoquas,
759 1268 810 1320 aut
833 1262 897 1320 eius
920 1258 1050 1319 radicem
1074 1265 1194 1335 gustato

127 1347 343 1407 142dormitum
369 1347 490 1429 vadens,
513 1348 593 1408 idem
618 1348 674 1409 tibi
696 1348 866 1428 praestabit.
911 1346 1021 1408 Rorem
1044 1348 1195 1407 marinum
1297 1382 1299 1432 y

179 1437 298 1496 ieiunus
326 1436 551 1497 commanducet
579 1446 629 1498 aut
656 1440 688 1497 in
716 1456 791 1516 aqua
815 1436 908 1497 calida
931 1444 1088 1497 excoctum
1110 1434 1195 1495 bibat

180 1526 232 1604 qui
254 1525 432 1585 eruditatem
454 1527 592 1606 patietur,
617 1528 716 1587 statim
740 1524 961 1586 remediabitur.
1209 1539 1238 1581 ιε
1297 1521 1299 1586 ἶ

127 1626 178 1674 143
269 1614 440 1693 Conpositio
464 1616 593 1693 potionis
612 1615 647 1675 ad
670 1615 802 1675 dolorem
821 1613 966 1675 stomachi
984 1614 1046 1673 sive
1065 1613 1103 1672 ad
1119 1630 1195 1672 nau-

180 1721 260 1763 seam
282 1703 502 1782 reprimendam
527 1705 583 1764 sic:
610 1702 726 1764 Herbae
749 1703 974 1783 mandragorae,
998 1720 1074 1781 quae
1098 1702 1195 1761 nasci·
1297 1697 1299 1718 '

180 1799 230 1852 tur
257 1793 289 1852 in
311 1790 384 1851 locis
410 1794 570 1872 montanis,
599 1811 690 1853 sucus
713 1810 873 1871 expressus
895 1792 932 1852 ad
955 1790 1098 1869 ponderis
1121 1792 1195 1849 seri-

180 1880 282 1957 pulum
312 1879 467 1940 dimidium
490 1888 669 1959 potatusque
692 1900 728 1940 ex
752 1898 826 1959 aqua
850 1880 943 1940 calida
966 1879 1013 1940 rel
1036 1897 1072 1939 ex
1097 1878 1196 1939 mulsa
1297 1869 1299 1948 l

179 1985 319 2027 nauseam
344 1967 471 2048 expellit,
495 1968 705 2029 abundantiam
728 1968 904 2048 phlegmatis
922 1976 1030 2048 purgat
1048 1967 1193 2045 sedatque
1209 1987 1239 2027 ao
1297 1955 1298 1968 ¹

180 2054 312 2115 dolorem
337 2055 481 2115 stomachi
508 2066 538 2116 et
561 2057 712 2119 fastidium
740 2058 876 2138 discutit;
903 2057 980 2119 ultra
1008 2056 1066 2117 hoe
1093 2063 1196 2116 autem

180 2143 297 2222 pondus
316 2162 353 2203 ne
373 2144 499 2224 dederis,
519 2148 588 2223 quia
607 2146 719 2208 nullius
737 2146 908 2207 stomachus
927 2148 984 2207 vim
1002 2148 1068 2206 eius
1081 2146 1196 2223 poterit

127 2234 342 2292 144sustinere.
380 2232 517 2293 Puleium
540 2252 607 2294 cum
632 2234 759 2314 oxymeli
781 2236 938 2295 decoctum
961 2234 996 2295 ad
1021 2251 1196 2294 mensuram

180 2321 315 2381 heminae
338 2321 519 2399 tepefactum
537 2324 638 2384 ieiuno
658 2331 688 2384 et
706 2324 821 2402 digesto
840 2324 923 2384 dabis
942 2322 1115 2396 bibendum,
1132 2340 1195 2382 non

180 2408 274 2469 solum
298 2410 484 2471 stomachum
507 2412 637 2493 reficies,
667 2412 718 2472 sed
742 2415 831 2474 etiam
854 2415 880 2473 si
903 2414 982 2473 circa
1004 2430 1057 2472 cor
1080 2410 1195 2490 aliquid
1208 2430 1240 2471 aa

177 2501 237 2580 ,erit
260 2501 333 2579 vitii,
356 2499 457 2559 eadem
481 2502 600 2579 potione
624 2500 785 2562 sanabitur.
1297 2525 1298 2588 y

127 2599 178 2648 145
267 2588 311 2648 Ad
331 2588 516 2649 stomachum
534 2590 773 2668 componendum
792 2590 886 2651 uteris
905 2588 1037 2651 remedio
1055 2588 1108 2649 tali
1121 2590 1195 2649 satis
1297 2591 1298 2636 l

180 2676 348 2737 commodo:
372 2675 492 2757 liutam,
516 2680 628 2758 apium,
652 2679 802 2758 anethum,
826 2680 976 2759 cyminum
999 2679 1103 2757 aequis
1126 2695 1197 2755 por·
1297 2645 1298 2716 l

181 2766 312 2826 tionibus
336 2783 447 2843 coques
470 2784 540 2826 eum
562 2768 623 2827 vini
645 2769 755 2827 veteris
779 2769 915 2828 sextariis
939 2766 1065 2846 duobus,
1089 2772 1196 2845 postea

181 2852 271 2913 addes
290 2852 348 2912 olei
366 2855 459 2913 amari
477 2851 535 2914 bl
559 2862 589 2915 et
606 2856 717 2916 iterum
736 2873 847 2935 coques
865 2855 912 2915 vel
929 2854 1111 2934 aliquamdiu
1125 2873 1197 2915 con-
1210 2873 1240 2913 so

181 2939 288 3001 bullire
307 2942 462 3018 permittes
473 2950 569 3021 atque
589 2944 658 3004 inde
673 2963 742 3005 cum
756 2954 919 3023 utcumque
933 2944 1074 3005 residerit
1087 2944 1197 3025 fervor,

181 3046 236 3107 per
263 3028 414 3107 globulum
442 3028 525 3089 lanae
553 3032 673 3093 sucidae
701 3033 853 3094 stomacho
882 3033 960 3111 quod
991 3032 1121 3093 sufficiat
1149 3034 1197 3092 in·

181 3116 297 3198 fundes,
316 3118 357 3178 ita
376 3126 409 3177 ut
427 3126 530 3197 postea
549 3120 660 3181 densus
678 3121 762 3182 lanae
776 3122 888 3182 floccus
902 3139 992 3200 supra
1007 3120 1198 3181 stomachum
1297 3133 1298 3156 ³

270 3275 286 3325 2
305 3270 396 3338 adque
413 3272 470 3396 boote
493 3277 525 3326 ut
547 3274 714 3343 saepissime)
736 3273 780 3328 ad.
854 3280 870 3329 8
889 3280 955 3343 post
977 3274 1074 3328 statim
1091 3289 1198 3329 rasura

181 3346 228 3395 eet.
310 3342 394 3395 tuni
451 3345 573 3398 martas.
653 3350 686 3398 10
704 3345 776 3416 veri]
798 3344 862 3400 rivi.
942 3350 974 3399 12
993 3348 1044 3399 aut
1062 3344 1123 3399 eius
1140 3360 1198 3400 om.

181 3417 215 3465 20
233 3410 456 3467 habundantiam
497 3413 658 3468 hleumatis.
719 3421 753 3469 23
767 3414 882 3469 oximeli
896 3416 1013 3471 decocti.
1065 3420 1101 3469 at
1115 3416 1198 3484 tepe-

180 3480 281 3537 factae.
354 3487 387 3536 31
407 3500 467 3538 rese
490 3483 545 3538 erit
564 3485 726 3543 Carnarius.
798 3484 900 3541 ferbor.
