2609 4017
600 199 820 263 ...36-

151 377 169 387 ·’
185 366 325 444 ιριιιιιιιι
352 362 490 441 obstipet.
538 360 571 423 Si
593 360 679 423 dolor
701 380 738 422 ιι
761 361 885 423 cerebro
909 363 1061 443 gignetur,
1089 362 1214 423 hederae

204 452 274 513 solia
302 459 417 531 septem
444 459 475 511 et
501 450 624 512 nucleos
652 458 795 530 purgatos
823 469 858 511 ιι
886 453 1013 529 persicis
1040 458 1155 529 septem
1182 468 1214 511 ιι

205 541 271 602 eleo
303 548 334 601 et
366 547 449 601 aceto
483 540 632 619 decoques
664 541 838 619 pariterque
865 548 1004 602 conteres
1031 548 1121 619 atque
1150 539 1216 600 inde

152 640 185 692 ta
204 638 339 709 tempora
363 637 393 689 et
415 629 545 689 frontem
567 627 696 690 dolentis
719 627 859 689 obduces.
896 628 973 689 Ruta
995 631 1067 690 trita
1086 636 1170 689 aceto
1190 637 1218 689 et

205 718 270 779 oleo
294 736 417 778 rosaceo
436 720 529 778 mixta
546 718 673 779 mirifice
693 716 825 778 dolorem
844 719 950 797 capitis
968 720 1075 779 avertit
1094 716 1246 778 cerebros

153 818 188 867 ιι
205 806 251 867 ιιι
279 807 464 885 temporibus
493 806 600 868 infusa.
646 805 742 885 Caput
765 808 855 867 ocimi
877 808 982 867 tritum
1005 825 1073 867 cum
1097 824 1219 867 rosaceo

153 906 186 955 to
206 894 271 955 oleo
294 903 346 957 aut
368 902 483 983 myrteo
504 904 534 956 et
552 902 636 955 aceto
656 895 748 955 fronti
765 897 934 956 rectissime
952 897 1115 974 inponitur
1154 895 1220 955 Ser-

205 982 320 1063 pullum
343 977 499 1046 decoctum
522 1002 558 1043 ιι
583 991 667 1044 aceto
690 992 721 1044 ιι
743 986 850 1045 tritum
872 992 955 1045 recte
973 986 1129 1062 inponitur
1148 992 1221 1044 tem·

153 1084 187 1133 ue
205 1072 330 1176 poribus
349 1080 381 1133 et
399 1072 498 1134 fronti
535 1072 651 1134 Corona
671 1072 708 1133 de
724 1072 824 1151 puleio
838 1072 961 1152 prodest
975 1074 1065 1151 capiti
1083 1074 1221 1152 inposita,

153 1172 186 1222 ιι
206 1163 231 1222 ιι
255 1169 366 1222 terram
390 1179 449 1222 non
472 1168 582 1240 tangat.
628 1159 661 1222 Si
683 1160 813 1223 difficilis
836 1180 959 1222 somnus
989 1169 1035 1222 ιιι
1058 1180 1094 1221 ιι
1119 1160 1221 1221 dolore
1234 1179 1262 1218 ro
1295 1161 1296 1194 r

206 1252 321 1332 capitis,
345 1249 409 1311 oleo
434 1249 618 1329 amygdalino
642 1258 732 1329 caput
756 1268 868 1329 ungere
890 1257 1009 1330 oportet
1026 1259 1057 1312 et
1075 1258 1223 1330 tempora,

205 1338 381 1400 nucleorum
410 1357 480 1399 veru
508 1340 619 1417 persici
649 1338 745 1399 farina
767 1357 836 1399 oum
860 1339 946 1401 melle
970 1347 1000 1399 et
1022 1346 1106 1400 aceto
1131 1338 1224 1399 fronti

206 1426 290 1489 inlita
317 1426 455 1509 prodest3
482 1427 582 1488 nuclei
610 1446 730 1507 qnoque
753 1427 931 1507 amygdalini
953 1423 1019 1489 triti
1041 1427 1156 1488 utiliter
1179 1430 1223 1487 in·

153 1525 188 1575 ‘18
206 1524 375 1596 ponuntur,
405 1518 494 1576 etiam
517 1518 549 1576 in
573 1515 715 1577 febribus.
760 1514 855 1576 Bacae
878 1516 954 1577 lauri
976 1519 1074 1595 inpari
1096 1534 1224 1577 numero

155 1615 188 1665 89
208 1606 240 1666 ιιι
259 1604 325 1666 oleo
344 1606 491 1665 contritae
511 1612 541 1665 ιι
560 1606 649 1685 capiti
668 1604 769 1666 inlitae
788 1612 893 1665 sanant
911 1604 1052 1665 dolorem.
1088 1604 1225 1665 Hederae
1239 1623 1263 1663 15

208 1693 277 1754 lolia
301 1694 474 1756 mollissima
496 1695 567 1755 trita
590 1712 626 1754 ιι
650 1701 734 1755 aceto
753 1702 784 1754 et
801 1711 924 1754 rosaceo
943 1694 1086 1755 adversus
1104 1712 1225 1754 omnem

154 1792 189 1844 80
209 1781 342 1843 dolorem
371 1783 463 1844 lrouti
489 1783 666 1844 inlinuntur
720 1782 871 1843 Panaceae
898 1781 983 1843 radix
1005 1784 1037 1843 in
1060 1782 1125 1843 oleo
1148 1785 1226 1842 inte·

153 1880 188 1931 81
208 1872 288 1931 ritur
313 1878 344 1931 ιι
367 1869 474 1931 deinde
498 1873 589 1949 capiti
610 1870 780 1931 instillatur.
824 1869 898 1931 Ossa
920 1870 958 1931 de
981 1873 1078 1949 capite
1096 1870 1227 1932 vulturis

155 1968 189 2019 82
209 1957 325 2037 alligari
347 1958 470 2037 prodest
493 1961 582 2038 capiti
605 1957 725 2019 dolenti
763 1959 949 2021 Gallinaceos
971 1958 1071 2039 pullus
1089 1958 1226 2020 inclusus

209 2046 379 2107 abstinetur
406 2054 495 2108 nocte
518 2054 548 2107 et
571 2046 633 2127 die,
662 2046 768 2108 deinde
791 2050 857 2109 eius
880 2047 1033 2127 gallinacei
1056 2047 1155 2126 pluma
1179 2047 1227 2107 vel
1241 2053 1296 2116 ιι

208 2136 301 2197 orista
337 2134 474 2215 alligatur
507 2134 543 2195 ad
571 2134 680 2197 collum
708 2144 761 2197 aut
787 2135 915 2198 dolentis
944 2143 1034 2217 caput
1061 2154 1094 2197 ac
1122 2138 1227 2197 statim

156 2233 190 2284 88
209 2222 354 2285 medetur.
402 2223 548 2284 Surculus
578 2240 614 2283 ιι
643 2223 714 2284 nido
737 2224 818 2285 milvi
840 2224 961 2304 pulvino
984 2224 1111 2285 dolentis
1135 2232 1228 2304 caput
1295 2223 1296 2226 ’

155 2323 190 2373 84
209 2313 416 2391 superpositus
435 2311 565 2391 prodest.
610 2310 795 2373 Murinarum
814 2312 937 2392 pellium
956 2322 1127 2374 exustarum
1147 2316 1227 2374 cinis
1295 2355 1296 2396 ,

156 2412 190 2461 85
210 2418 246 2461 ιι
269 2407 353 2461 aceto
376 2400 468 2461 ironti
491 2400 595 2461 inlitus
616 2399 748 2479 prodest.
785 2401 909 2463 Cocleae
927 2404 1104 2464 matutinum
1123 2420 1226 2461 rorem
1295 2399 1296 2474 l

208 2490 358 2569 pascentis
389 2496 479 2568 eaput
506 2488 652 2550 arundine
682 2490 865 2568 praeciditur
893 2499 924 2551 et
950 2493 982 2552 in
1009 2490 1130 2552 linteolo
1153 2490 1226 2551 licio
1242 2509 1269 2550 ss
1295 2489 1296 2514 ³

155 2590 190 2639 86
209 2577 346 2657 alligatur
370 2578 505 2658 colloque
529 2578 737 2660 suspenditur,
760 2581 902 2640 continuo
924 2578 1070 2641 medetur.
1116 2578 1226 2640 Fracto

209 2669 300 2747 capiti
330 2666 388 2729 tela
415 2669 517 2729 aranei
544 2686 580 2728 ιι
608 2666 674 2727 oleo
697 2675 728 2727 ιι
759 2675 843 2728 aceto
867 2669 995 2747 inposita
1018 2686 1078 2728 non
1101 2667 1227 2747 recedit,

156 2764 190 2815 8⁷
209 2758 269 2817 nisi
293 2757 448 2816 sanaverit.
486 2754 577 2816 Cerni
599 2757 713 2817 cervini
736 2757 833 2816 exusti
857 2758 933 2817 einis
955 2756 1059 2818 inlitus
1078 2756 1169 2817 fronti
1189 2774 1228 2816 ιι

156 2854 190 2903 88
210 2852 293 2905 aceto
317 2850 348 2903 ιι
369 2860 500 2915 rosaceo
513 2843 643 2921 prodest.
680 2842 791 2903 Lanam
809 2844 942 2906 oviculae
960 2845 997 2905 de
1015 2847 1095 2907 inter
1113 2845 1228 2905 femora

210 2930 300 2991 velles
333 2939 363 2992 et
394 2932 426 2991 in
459 2938 542 2991 aceto
573 2932 725 3009 intingnes
757 2939 788 2991 et
815 2950 906 3011 super
934 2942 1068 3015 tempora
1096 2933 1226 2995 dolentis
1242 2953 1271 2993 ao

157 3028 191 3080 88
210 3018 324 3099 ligabis.
370 3018 480 3078 Lanam
515 3019 617 3079 arietis
648 3019 686 3079 de
713 3018 812 3080 ironte
839 3021 931 3082 velles
958 3030 989 3083 ιι
1017 3022 1165 3083 conbures
1195 3025 1227 3083 in

212 3107 353 3187 operculo
382 3105 456 3167 ollae
484 3124 559 3167 novo
588 3114 618 3168 ιι
644 3108 677 3167 iu
704 3111 846 3169 mortario
874 3110 1053 3172 confricabis
1076 3119 1166 3191 atque
1189 3130 1227 3172 ιι

143 3197 193 3257 *90
212 3204 296 3257 aceto
315 3196 407 3255 fronti
424 3194 540 3256 inlines.
569 3195 705 3257 Sertnlae
719 3196 885 3276 Campanae
899 3198 1074 3261 fasciculum
1089 3218 1125 3261 ιι
1140 3209 1226 3261 aceto

158 3295 192 3345 91
213 3284 363 3364 decoques
386 3291 417 3344 ιι
439 3283 531 3345 fronti
553 3284 670 3345 inlices
708 3284 803 3365 Caput
825 3287 851 3346 si
874 3286 974 3348 dolere
997 3290 1143 3368 coeperit,
1170 3306 1226 3347 ovo

285 3423 316 3471 11
337 3418 443 3487 angeri.
513 3420 691 3488 leprosum
762 3426 795 3476 17
813 3419 945 3477 interitus
965 3423 1016 3491 (sau
1033 3424 1141 3492 eodeni
1161 3438 1227 3477 con·

212 3486 314 3544 teritur
333 3488 493 3545 Ooruorius
582 3496 617 3545 88
636 3507 821 3546 murenarum.
904 3499 938 3547 88
957 3494 1033 3548 ullee
1122 3510 1157 3548 ex
1173 3510 1225 3549 om.

214 3566 248 3616 88
266 3560 438 3617 fasciculum.
511 3566 546 3615 84
565 3560 735 3629 dequoques.
