2609 4017
490 172 830 269 -313-Δ

190 335 350 396 Lacertum
369 335 502 416 viridem,
521 353 610 416 quem
630 335 736 396 Graeci
754 354 865 396 sauron
882 345 996 418 vocant,
1014 339 1114 416 capies
1132 350 1169 400 45

101 443 216 506 perque
239 427 304 486 eius
327 423 430 485 oculos
454 443 540 485 acum
563 443 704 503 cupream
732 443 801 486 cum
823 424 892 486 licio
916 444 1004 504 quam
1027 425 1114 506 longo

101 513 232 575 volueris
255 515 377 574 traicies
400 514 619 593 perforatisquc
643 513 738 576 oculis
756 532 826 574 eum
844 513 955 574 ibidem
973 514 1040 594 loci,
1062 515 1114 575 ubi

101 620 236 683 ceperas,
254 603 387 664 dimittes
406 620 439 662 ac
458 612 522 664 tum
541 601 624 664 iilum
642 602 847 682 praecantabis
865 602 982 665 dicens:
1005 602 1115 664 'l'rebio

67 693 205 772 spotnia
229 691 373 771 telapaho.
407 689 470 752 Hoc
494 700 541 752 ter
564 691 668 753 dicens
691 691 773 753 filum
795 691 947 753 munditer
969 691 1115 754 recondes

100 799 232 860 cumque
247 779 331 841 dolor
345 780 433 841 oolici
446 779 572 842 alicuius
585 779 735 861 urguebit,
748 783 923 860 praecinges
937 799 1005 843 eum
1019 790 1115 844 totum

101 888 195 950 supra
218 868 392 930 umbilicum
416 878 446 930 et
468 878 515 931 ter
539 869 619 930 dices
643 887 764 930 carmen
787 886 878 948 supra
901 871 1056 949 scriptum.

191 957 442 1019 Praesentaneum
464 957 566 1018 colicis
584 958 750 1019 remedium
769 960 825 1019 sic:
849 957 911 1018 Ova
928 958 1115 1037 putidissime
1133 970 1170 1020 46

99 1049 132 1109 in
157 1047 220 1108 sole
244 1049 355 1128 ponito,
379 1054 413 1108 ut
431 1049 650 1128 persiccentur;
675 1065 743 1107 cum
762 1049 905 1126 aruerint,
928 1054 1067 1108 conteres
1085 1055 1115 1108 et

54 1157 86 1196 1o
99 1137 301 1198 minutissime
320 1135 516 1216 percriblabis
539 1143 570 1197 et
588 1136 624 1197 ad
642 1135 826 1214 praesidium
843 1137 874 1196 in
894 1135 1002 1197 doliolo
1021 1139 1114 1196 vitreo

100 1225 214 1287 condes
233 1243 359 1305 cumque
379 1227 410 1285 in
428 1224 527 1304 aliquo
547 1225 750 1304 suspicabitur
768 1224 827 1285 coli
839 1223 933 1305 dolor,
951 1226 982 1285 in
996 1225 1116 1286 hemina

99 1332 196 1393 aquae
220 1311 330 1374 calidae
354 1313 437 1375 dabis
461 1313 589 1375 bibenda
611 1312 750 1374 cocliaria
771 1315 838 1374 tria.

193 1402 315 1463 Costum
342 1410 374 1463 et
400 1405 486 1482 piper
513 1404 578 1482 pari
608 1403 740 1480 pondere
771 1403 889 1464 tundito
918 1411 949 1465 et
975 1403 1115 1484 cribrato,
1133 1414 1169 1462 47

100 1491 173 1553 inde
196 1489 360 1570 scripulum
383 1509 477 1552 unum
500 1510 536 1552 ex
559 1509 634 1570 aqua
658 1490 751 1552 calida
775 1489 868 1552 colico
889 1490 927 1551 da
944 1490 1115 1553 bibendum.

58 1599 86 1640 rs
100 1580 228 1641 Stercus
255 1582 407 1641 murinum
431 1599 467 1640 ex
490 1597 679 1661 quocumque
702 1579 818 1659 liqrroro
841 1581 991 1657 ignoranti
1013 1580 1115 1661 colico,
1133 1591 1171 1640 48

100 1687 141 1730 ne
165 1669 327 1749 horrescat,
350 1668 512 1729 bibendum
535 1668 628 1748 dabis,
651 1669 762 1728 mirum
785 1675 839 1728 cst.

194 1757 400 1835 Subpositoria
422 1757 515 1819 colice
537 1759 660 1818 invicta:
688 1755 804 1836 Myrrae
829 1788 867 1800 -·
889 1755 943 1837 lll,
966 1759 1049 1817 croci
1072 1757 1115 1818 Si·
1134 1768 1170 1817 49

100 1845 163 1907 culi
189 1878 227 1890 -·
248 1845 288 1924 ΙΙ,
316 1847 429 1924 piperis
458 1845 516 1906 albi
539 1879 581 1889 -
600 1845 639 1926 ll,
668 1847 730 1924 opii
752 1844 877 1924 Hispani
898 1878 941 1888 -
960 1844 996 1906 ll.
1035 1844 1115 1907 llaec

101 1937 203 1996 omnia
229 1934 338 1996 tundes
365 1934 412 1995 vel
440 1942 577 1996 conteres
605 1941 637 1995 et
663 1932 771 2013 pilulas
798 1933 889 1994 facies
912 1935 1115 2013 magnitudine

59 2043 86 2082 so
102 2023 188 2085 labae
216 2024 326 2085 solidae
355 2031 385 2085 et
412 2031 475 2084 tres
503 2022 667 2103 subpones3
694 2021 817 2084 habebis
845 2041 916 2084 sane
940 2042 1055 2105 curam,
1081 2032 1115 2086 ut

100 2131 191 2193 aeger
205 2113 332 2175 dormiat
346 2121 376 2173 et
389 2131 427 2172 ne
438 2119 547 2192 vomat3
562 2115 690 2174 vomitus
701 2113 780 2173 enim
791 2114 941 2174 concitare
951 2116 1113 2174 consuevit.

191 2201 234 2262 Ad
254 2201 312 2262 coli
330 2201 462 2262 dolorem
481 2201 646 2262 remedium
664 2200 822 2281 physicum
837 2203 895 2262 sic:
914 2202 1037 2263 Stercus
1051 2204 1114 2262 ovis
1134 2211 1171 2262 oo

99 2297 259 2351 montanae
281 2308 384 2354 mense
404 2289 573 2368 Septembri
596 2290 752 2352 deficiente
775 2290 845 2352 luna
868 2291 964 2370 pridie
982 2290 1114 2352 inclusae

100 2397 188 2440 mane
217 2380 346 2460 excipies
372 2387 402 2440 et
425 2377 486 2440 sole
510 2378 631 2440 durabis
655 2387 745 2458 atque
767 2382 799 2439 in
822 2379 975 2457 pulverem
997 2380 1115 2459 rediges

58 2487 86 2528 ns
100 2476 133 2529 et
154 2467 279 2529 habebis
301 2470 333 2529 in
352 2485 420 2529 vaso
439 2469 535 2528 vitreo
554 2469 616 2528 sive
635 2475 771 2548 stagneo,
795 2485 864 2527 cum
882 2485 956 2527 usus
975 2471 1116 2550 exegerit,

100 2557 236 2618 cocleare
259 2556 380 2636 plenum
403 2555 496 2618 colico
521 2575 557 2616 ex
578 2574 654 2636 aqua
673 2555 776 2635 calida,
799 2557 825 2615 si
844 2554 1066 2635 febricitaverit,
1089 2559 1115 2615 si

100 2648 239 2707 sincerus
262 2649 328 2726 crit,
351 2664 420 2707 cum
444 2647 511 2706 vino
534 2663 589 2725 per
611 2644 746 2705 triduum
770 2643 862 2704 dabis.

192 2734 262 2795 Ovis
280 2753 397 2814 agnum,
421 2752 509 2813 quem
528 2736 658 2813 primum
677 2734 782 2814 pariet,
804 2749 894 2792 manu
914 2733 1052 2812 excipies,
1074 2733 1115 2792 ita
1134 2742 1169 2792 51

99 2831 136 2884 nt
163 2829 275 2884 terram
302 2841 362 2883 non
390 2831 504 2903 tangat,
533 2830 563 2883 et
588 2822 625 2882 de
649 2821 747 2881 fronte
771 2820 905 2882 eiusdem
929 2823 998 2899 agni
1019 2820 1115 2881 lanam

58 2931 86 2971 eo
101 2911 198 2992 tolles,
221 2913 273 2973 sed
292 2912 377 2973 etde
396 2913 461 2990 ipsa
480 2930 534 2972 ove
553 2920 584 2972 et
602 2913 707 2991 verris,
729 2912 781 2989 qui
800 2912 910 2971 coitum
930 2928 1000 2971 curn
1018 2911 1116 2972 scrola

100 3001 200 3081 faciet,
223 3019 326 3062 semen
349 3001 452 3061 eadem
475 2999 541 3060 lana
564 3001 705 3080 excipies,
728 3002 768 3060 ita
791 3007 826 3060 ut
845 3006 955 3061 terram
973 3017 1034 3059 non
1053 3008 1115 3061 tan·

101 3098 160 3167 gat,
184 3097 214 3150 et
235 3089 371 3150 includes
394 3089 490 3149 lanam
514 3107 583 3150 cum
606 3091 720 3150 semine
739 3090 834 3148 verris
852 3091 884 3149 in
903 3088 1004 3168 lupino
1024 3106 1115 3148 aureo

101 3177 149 3238 vel
170 3176 275 3239 tubulo
299 3186 329 3239 et
347 3177 498 3256 alligatum
515 3179 548 3238 in
566 3177 689 3240 brachio
707 3176 754 3238 vel
772 3177 877 3239 mediis
895 3176 1032 3256 partibus
1050 3194 1115 3236 cor-

101 3268 185 3345 poris
208 3267 302 3327 colico
326 3266 500 3345 suspendes.

190 3477 368 3542 tooeporas.
419 3471 517 3542 filium,
535 3472 598 3528 item
617 3477 642 3527 ὅ.
696 3468 874 3526 tumbilico.
931 3474 965 3524 1o
984 3470 1116 3526 orrescab.

101 3544 315 3600 amoneretur.
