2609 4017
397 168 741 261 '-123-

102 359 212 434 'nigrae
236 358 346 418 radicis
370 377 475 419 sucum
499 359 545 420 vel
568 360 701 420 eiusdem
726 359 864 420 loliorum
888 378 994 421 sucum
1017 360 1043 420 it
1062 360 1125 422 llll.

108 444 215 506 Omnia
239 448 310 507 trita
332 449 364 507 in
387 465 481 508 unum
504 459 744 528 consparguntur
767 457 798 509 et
821 457 1076 528 concorporantur
1097 459 1127 511 et

108 534 197 595 melle
217 535 399 614 colliguntur
416 544 506 616 atque
525 539 574 615 ita,
593 546 735 616 utsupra
755 539 971 620 scriptumest,
993 539 1127 600 coniecta

107 623 245 684 maxillae
268 625 305 685 ad
330 625 492 687 sedandum
516 627 648 686 dolorem
672 627 806 686 dentium
835 638 865 687 et
888 629 1072 705 gingivarum
1096 638 1126 688 et

74 716 281 791 sgeusiarum
305 713 492 775 adhibentur.
538 715 677 776 Dentinm
701 715 833 775 dolorem
860 715 984 796 sedabit,
1008 718 1034 777 si
1058 719 1125 795 quis
1144 729 1178 777 2ο

105 820 231 880 gramen
259 805 395 863 masticet
422 805 569 882 patienter
600 813 631 864 et
658 806 689 864 iu
717 804 828 864 doloris
854 803 951 865 locum
980 805 1124 866 conlocet.

105 890 202 950 Cavos
226 890 331 953 dentes
354 894 430 952 cinis
452 895 564 953 morini
585 894 648 954 timi
670 895 819 972 inpositus
838 902 922 954 sanat
940 901 970 954 et
992 893 1123 974 supplet3
1144 906 1178 954 21

105 979 252 1040 dicuntur
274 980 380 1041 dentes
403 983 431 1041 ei
451 999 511 1043 non
530 991 705 1061 putrescere
724 1000 779 1042 nec
798 982 944 1061 vacillare,
968 986 1020 1061 qui
1039 1001 1124 1044 mane

104 1067 228 1130 ieiunus
247 1069 303 1130 sub
322 1069 422 1149 lingua
441 1069 531 1131 salem
551 1071 674 1132 adsidue
693 1072 885 1133 continuerit.
912 1070 1036 1132 Dantem
1056 1089 1124 1132 cum
1144 1082 1177 1131 22

58 1175 90 1213 10
105 1157 240 1238 dolebis,
267 1159 294 1218 si
320 1160 401 1220 circa
428 1178 496 1220 eum
525 1161 641 1238 gingiva
666 1159 855 1239 suppurabit,
884 1159 1069 1238 scalpellahis
1095 1168 1125 1220 et

104 1245 220 1306 herbae
234 1246 392 1308 mileloliae
407 1249 523 1309 radices
537 1256 656 1309 teneras
675 1248 922 1328 commasticahis,
940 1257 1003 1309 tum
1019 1267 1125 1310 sucum

104 1337 174 1395 cius
197 1337 229 1395 in
253 1354 287 1396 ea
310 1346 409 1417 parte,
436 1339 467 1397 in
496 1355 555 1416 qua
578 1337 652 1398 dens
675 1337 767 1417 dolet,
795 1336 920 1398 tenebis.
966 1337 1125 1417 Papaveris
1144 1349 1177 1397 23

103 1442 215 1484 sucum
238 1427 344 1485 tritum
367 1444 436 1486 cum
458 1425 534 1487 lacte
557 1426 696 1486 muliebri
720 1426 801 1488 denti
821 1429 955 1488 causario
974 1427 1125 1507 infundes,

102 1515 209 1573 statim
228 1515 370 1593 proderit.
404 1513 530 1575 Carmen
549 1515 584 1575 ad
604 1515 738 1577 dentium
758 1516 889 1576 dolorem
909 1515 1068 1576 mirificum
1087 1515 1124 1574 de
1144 1526 1178 1574 24

58 1619 88 1659 15
103 1604 322 1681 experimento.
363 1603 445 1664 huna
472 1604 665 1664 decrescente
690 1604 737 1664 die
760 1603 863 1664 Martis
890 1605 951 1663 sive
975 1603 1023 1663 die
1046 1603 1123 1663 lovis

103 1691 183 1751 haec
205 1691 295 1752 verba
323 1692 406 1753 dices
433 1696 558 1772 septies:
592 1693 732 1771 Argidam
760 1692 920 1770 margidam
950 1691 1122 1770 sturgidam.

104 1779 248 1841 Dolorem
259 1799 391 1862 rumpes,
404 1799 474 1842 cum
487 1781 630 1842 calciatus
645 1780 702 1842 sub
717 1781 783 1841 divo
799 1798 887 1858 supra
903 1788 1014 1841 terram
1029 1781 1123 1840 vivam

105 1876 192 1930 stans
215 1878 306 1949 capot
328 1888 417 1930 ranae
441 1870 646 1950 adprehendes
671 1877 701 1930 et
728 1888 761 1930 os
785 1871 902 1948 aperies
921 1877 952 1929 et
970 1887 1061 1948 spues
1079 1871 1124 1928 in·

105 1965 154 2017 tra
183 1975 217 2019 os
245 1961 309 2019 eius
338 1967 369 2019 et
396 1959 515 2037 rogabis
543 1977 621 2040 eam,
649 1969 683 2019 ut
711 1959 846 2019 dentium
875 1959 992 2019 dolores
1022 1975 1124 2019 secum

59 2063 90 2102 so
105 2047 193 2126 ierat,
217 2055 247 2108 et
265 2055 331 2108 tum
348 2049 443 2108 vivam
464 2048 597 2109 dimittes
616 2056 647 2108 et
665 2047 721 2108 hoc
742 2047 789 2108 die
808 2047 886 2108 hono
906 2055 936 2107 et
955 2046 1027 2107 hora
1047 2047 1124 2108 hona

105 2136 208 2196 iacies.
250 2134 436 2198 vermiculus
464 2139 496 2196 in
525 2137 652 2197 cardone
681 2136 773 2197 herba
800 2139 939 2196 inventus
966 2136 1123 2214 phoenicio
1144 2147 1177 2195 25

105 2223 248 2303 inligatus
262 2225 398 2304 colloque
411 2244 576 2306 suspensus
590 2225 685 2286 dolori
699 2225 833 2286 dentium
845 2226 990 2286 medetur.
1010 2223 1121 2286 Gucur·
1143 2237 1176 2285 26

105 2312 188 2373 bitae
208 2316 316 2374 sativae
336 2324 437 2375 coctae
457 2333 548 2376 sucus
566 2317 598 2374 in
616 2313 708 2374 linteo
723 2332 883 2393 expressus
902 2315 977 2374 etin
993 2332 1044 2374 ore
1060 2323 1122 2374 ten·

106 2411 158 2463 tus
186 2410 217 2462 et
245 2402 378 2463 dolorem
406 2402 522 2464 inhibet
550 2404 685 2464 dentium
715 2414 745 2464 et
775 2410 894 2464 coercet
921 2401 1123 2462 mobilitatem.

62 2506 92 2547 25
107 2491 234 2551 Acetum
258 2492 392 2571 tepidum
415 2492 584 2553 scilliticum
607 2493 640 2552 in
663 2510 715 2552 ore
738 2499 853 2552 tentum
879 2498 908 2550 et
927 2492 1059 2568 gingivas
1078 2498 1124 2550 tu·
1143 2502 1177 2549 27

105 2588 225 2640 mentes
249 2583 427 2659 constringit
456 2589 487 2641 et
509 2582 643 2641 continet
670 2580 774 2640 dentes
798 2579 976 2639 vacillantes.
1024 2577 1124 2656 Capri·
1144 2590 1177 2638 28

105 2670 157 2728 tici
180 2669 265 2729 radix
289 2671 358 2730 vino
381 2669 504 2730 decocta
527 2671 657 2749 tritaque
681 2667 816 2728 maxillae
839 2669 994 2745 inponitur
1016 2684 1050 2726 ac
1074 2665 1124 2725 de·

106 2775 201 2836 super
223 2757 333 2836 ligatur
356 2766 387 2819 et
409 2757 482 2818 illud
505 2761 607 2818 vinum
630 2760 664 2818 in
683 2775 734 2818 ore
754 2757 806 2817 diu
824 2762 953 2835 tenetur,
976 2754 1060 2815 valde
1079 2771 1125 2815 re·

107 2846 207 2906 medio
222 2855 269 2907 est
283 2847 431 2909 dentibus.
461 2846 616 2907 Ruborum
635 2865 738 2926 cymae
757 2854 877 2906 tenerae
892 2863 928 2905 ex
944 2845 1010 2904 vino
1025 2851 1124 2905 vetere
1143 2857 1178 2905 22

65 2952 95 2992 ao
108 2943 258 2996 cocuntur
281 2945 311 2997 et
334 2936 364 2996 id
387 2938 488 2996 vinum
512 2937 632 3014 saepius
651 2953 703 2995 ore
723 2937 902 3014 continetur,
926 2933 1076 2994 interdum
1096 2942 1126 2994 et

107 3024 314 3105 gargahzatur,
337 3025 417 3103 quod
441 3027 541 3086 statim
564 3026 701 3105 gingivis
724 3042 797 3085 uvae
822 3031 852 3084 et
876 3022 1015 3085 dentibus
1036 3023 1125 3102 prod·

107 3123 164 3173 est.
199 3111 457 3194 Quinquefolium,
480 3115 511 3174 in
535 3131 594 3192 quo
618 3114 700 3191 fraga
723 3122 901 3194 nascuntur,
925 3111 1066 3173 colluitur
1089 3131 1125 3172 ex
1144 3124 1178 3172 30

107 3220 186 3280 aqua
205 3204 327 3284 marina,
342 3202 449 3263 deinde
463 3201 500 3262 ad
514 3204 619 3263 tertias
638 3201 816 3281 decoquitur
835 3220 871 3262 ex
889 3203 957 3262 vino
977 3209 1027 3261 aut
1041 3208 1125 3260 aceto

105 3290 200 3369 idque
223 3292 326 3352 inore
345 3291 459 3352 diutius
478 3292 662 3371 continetur3
683 3292 771 3351 etiam
791 3298 913 3351 exustae
932 3291 997 3349 cius
1014 3287 1125 3350 herbae

180 3425 345 3479 lmaxillis.
411 3431 444 3479 13
462 3442 559 3479 sucum
579 3441 629 3480 om,
688 3423 822 3479 caurario.
879 3427 911 3476 17
931 3439 1043 3491 rumpes
1062 3439 1126 3476 cum

106 3498 222 3564 scripsi:
239 3513 338 3565 rumpe
356 3513 419 3550 rum
433 3497 490 3551 cod.
504 3512 616 3564 rumpes
636 3494 722 3550 etiam
742 3493 767 3547 si
786 3494 947 3548 Cornart'us.
1013 3498 1046 3547 18
1065 3493 1126 3548 eius

108 3568 173 3623 add.
193 3571 257 3622 oute
274 3583 367 3622 ranae.
436 3572 470 3620 21
490 3565 604 3636 fynicio.
669 3569 704 3619 24
722 3563 861 3618 cohercet.
928 3569 962 3618 25
983 3563 1125 3619 scillitum.

1160 3774 1291 3988 Q
