2609 4017
578 183 820 250 -224—

197 346 489 427 conprehendantur.
522 345 601 407 Haec
624 348 706 426 potio
725 346 772 406 his
791 346 887 406 modis
905 347 1015 406 ieiunis
1033 344 1131 406 danda
1149 352 1204 406 est:

197 437 308 496 niliacis
332 444 362 497 et
385 435 499 516 colicis,
528 437 580 515 qui
608 437 672 495 sine
696 435 779 496 lehre
803 442 904 513 erunt,
932 453 969 495 ex
994 452 1071 513 aqua
1095 433 1205 513 frigida,

196 523 401 585 febriculentis
420 543 457 585 ex
474 542 559 606 aqua,
583 525 615 584 in
638 542 696 603 qua
715 523 856 584 anethum
874 524 909 583 ad
928 526 1033 583 tertias
1051 522 1205 583 decoctum

197 613 301 691 luerit,
328 615 359 672 in
388 612 583 673 declinatione
607 630 677 673 vero
700 611 793 673 febris
816 612 852 672 ad
876 611 1111 691 magnitudinem
1135 610 1205 671 avel-

196 701 288 781 lanae,
312 700 476 780 spleniticis
499 721 535 762 ex
556 720 631 781 aqua
651 720 718 761 cum
739 719 865 780 cappare
884 700 1004 761 decocta
1025 699 1141 779 cyathis
1159 701 1230 761 tri-⁵
1287 693 1288 696 ’

196 789 253 849 hus
282 790 484 868 magnitudine
513 808 571 870 qua
598 807 701 869 supra,
730 791 853 869 epaticis
883 788 1038 849 dimidium
1061 787 1206 848 avellanae

197 877 331 959 modum,
360 878 564 940 febriculentis
592 896 629 939 ex
657 877 837 957 hydromelis
865 877 969 957 cyatho
997 876 1045 937 vel
1073 896 1109 937 ex
1136 896 1208 957 aqua

197 966 302 1048 mulsa,
324 970 356 1027 in
379 986 437 1047 qua
456 967 597 1028 anethum
616 985 685 1026 oum
704 966 833 1028 surculis
852 968 915 1027 suis
933 966 1025 1027 inerit
1043 965 1208 1046 decoctum,

197 1054 400 1136 orthopnoicis
427 1056 630 1135 magnitudine
656 1054 803 1115 avellanae
831 1057 956 1115 remissa
982 1056 1013 1115 in
1042 1057 1122 1115 aceti
1145 1054 1208 1115 scil·

197 1143 272 1205 litici
300 1144 477 1205 cocliarihus
505 1152 646 1225 quattuor
671 1162 708 1204 er
736 1162 829 1224 aquae
853 1143 964 1204 calidae
987 1143 1103 1223 cyathis
1127 1152 1208 1223 quat-
1221 1160 1244 1199 ro

198 1242 275 1313 tuor,
293 1234 328 1293 ad
349 1252 498 1313 spasmum
519 1242 549 1293 et
567 1232 667 1293 cordis
682 1231 817 1293 dolorem
831 1232 876 1293 vel
891 1241 1051 1293 tremorem
1066 1251 1103 1292 ex
1117 1251 1210 1311 aquae

197 1321 310 1381 mulsae
334 1321 439 1401 cyatho
462 1321 666 1401 magnitudine
690 1321 846 1383 avellanae.
885 1320 928 1381 td
952 1320 1053 1381 lateris
1078 1320 1210 1381 dolorem

199 1428 235 1469 ex
259 1428 334 1489 aqua
357 1409 452 1471 mulsa
475 1410 679 1490 magnitudine
702 1410 849 1471 avellanae
868 1417 971 1470 contra
993 1418 1111 1469 noctem
1132 1408 1211 1469 dahi-

198 1506 256 1579 tur,
280 1499 316 1559 ad
340 1498 488 1577 singultus
512 1507 542 1560 et
565 1498 675 1579 quihus
698 1498 793 1579 frigus
817 1501 906 1559 etiam
927 1507 1038 1558 aestate
1056 1498 1211 1578 insederit,

199 1606 234 1647 ex
259 1606 333 1667 aqua
357 1588 452 1649 mulsa
476 1588 562 1649 modo
587 1586 747 1668 avellanae3
777 1587 914 1666 pthisicis
942 1605 978 1648 ex
1001 1604 1075 1647 suco
1099 1588 1246 1647 tisanaeu

198 1675 245 1736 vel
268 1695 304 1737 ex
328 1677 417 1737 mulsi
439 1678 552 1757 cyathis
571 1676 669 1738 trihus
687 1676 775 1736 modo
794 1675 950 1755 avellanae,
968 1676 1160 1754 dysintericis
1177 1694 1213 1735 ex

198 1783 287 1844 posca
312 1767 424 1845 cyathis
448 1766 565 1827 duobus
584 1765 672 1826 modo
691 1766 798 1825 ciceris
817 1766 943 1846 arietini,
966 1766 1159 1841 auruginosis
1177 1783 1213 1824 ex

199 1872 292 1932 aquae
316 1853 428 1915 mulsae
452 1855 565 1934 cyathis
588 1853 706 1914 duobus
734 1853 880 1913 avellanae
909 1852 1046 1933 duplum,
1073 1853 1213 1931 dysuriae

199 1950 230 2001 et
258 1941 370 2001 calculo
400 1960 436 2003 ex
459 1961 552 2022 aquae
576 1943 689 2022 cyathis
713 1942 823 2022 tribus,
846 1944 878 2001 in
901 1959 959 2020 qua
982 1949 1045 2001 tres
1068 1940 1213 2021 manipuli

199 2031 258 2109 apii
282 2029 394 2090 luerint
417 2031 541 2110 decocti,
564 2030 768 2110 magnitudine
791 2029 948 2090 avellanae.
1225 2046 1247 2084 so

148 2126 181 2175 14
288 2116 371 2177 Potio
394 2119 430 2178 ad
451 2136 522 2197 epar
541 2120 706 2198 utilissima,
729 2127 884 2198 praeterea
902 2117 975 2179 haec
994 2120 1059 2196 ipsa
1077 2136 1215 2197 comper-

200 2214 263 2265 tum
287 2215 325 2265 et
338 2215 586 2284 praesentaneum
611 2207 774 2268 remedium
800 2215 846 2267 est
869 2206 1016 2267 etiamad
1040 2205 1143 2267 lateris
1164 2207 1215 2268 do-

199 2293 301 2376 lorem,
324 2297 432 2375 accipit
454 2296 541 2357 haec:
568 2296 684 2375 Piperis
709 2329 750 2339 —-
770 2296 792 2375 l,
816 2298 892 2357 costi
917 2294 998 2375 -1,
1021 2294 1118 2374 lupini
1142 2296 1216 2356 sicci

200 2386 291 2444 amari
314 2418 356 2428 -
375 2384 397 2445 l.
432 2384 511 2446 Haec
535 2388 632 2446 omnia
657 2386 736 2445 sicca
759 2392 848 2445 tunsa
867 2383 995 2444 cribrata
1014 2385 1105 2444 mixta
1125 2383 1215 2444 simul

199 2490 340 2555 repones;
368 2492 435 2535 cum
464 2492 540 2553 opus
568 2475 784 2553 luerit,'unum
812 2472 944 2533 cocleare
968 2472 1090 2552 plenum
1114 2472 1162 2532 vel
1190 2473 1250 2532 siu
1287 2525 1288 2540 ,

200 2563 279 2623 vires
302 2563 482 2623 infirmiores
506 2570 589 2645 sunt,
612 2580 726 2643 rasum,
750 2561 780 2621 id
804 2569 851 2623 est
873 2561 1029 2642 ruolatum,
1052 2579 1124 2621 cum
1147 2563 1215 2621 vino

200 2658 318 2711 austero
342 2653 442 2711 ieiuno
466 2653 580 2730 epatioo
600 2669 653 2729 per
673 2650 737 2711 dies
757 2659 819 2710 tres
838 2650 884 2710 vel
903 2652 1035 2729 quinque
1054 2651 1215 2710 continuos
1287 2665 1288 2722 j

200 2739 296 2819 dahis,
324 2741 364 2799 ita
393 2747 427 2799 ut
455 2741 486 2799 in
515 2758 550 2800 eo
578 2739 671 2799 latere
698 2739 883 2818 conplicatus
911 2738 1092 2817 aliquamdiu
1120 2740 1217 2799 iaceat
1287 2743 1288 2778 l

199 2835 230 2887 et
253 2829 405 2906 cooperiat
428 2846 460 2887 se
485 2830 571 2907 sagis,
595 2836 625 2889 et
648 2846 717 2888 cum
741 2830 874 2907 coeperit
896 2827 1013 2907 sudare,
1036 2826 1115 2887 levet
1134 2846 1169 2887 se
1188 2834 1217 2887 et

200 2914 369 2975 deambulet
391 2915 451 2975 diu.
1227 2932 1250 2972 eo

149 3013 181 3063 15
289 3002 362 3063 Item
382 3011 537 3081 expertum
557 3013 646 3081 atque
666 3005 738 3065 utile
757 3004 793 3065 ad
813 3023 885 3084 epar
904 3003 1069 3064 remedium
1083 3004 1122 3064 de
1136 3003 1215 3063 foliis
1287 3033 1288 3072 3

200 3093 250 3152 fici
273 3091 372 3171 aridis,
396 3091 425 3151 id
450 3100 495 3151 est
514 3094 632 3153 siccatis
651 3092 707 3153 sub
729 3092 834 3154 umbra
854 3101 884 3153 et
902 3092 1039 3153 arefactis
1058 3093 1140 3153 tritis
1159 3095 1216 3153 cri·
1287 3117 1288 3156 l

199 3180 355 3261 blatisque,
379 3180 415 3240 de
440 3199 499 3259 quo
524 3180 645 3258 pulvere
669 3201 738 3242 cum
761 3181 880 3242 condito
905 3181 941 3241 ad
965 3199 1138 3242 mensuram
1159 3184 1216 3244 tria

291 3333 498 3389 ihidromelis.
590 3334 805 3404 tlortopnoicis.
886 3334 1028 3388 remissae.
1108 3331 1214 3388 scilliti.
1287 3337 1288 3400 t

201 3410 236 3459 14
255 3406 401 3475 singultus
475 3410 507 3459 15
526 3403 683 3473 pthipsicis.
756 3406 894 3460 thisenue.
964 3412 996 3460 16
1016 3403 1215 3461 disintheriois.
1287 3433 1288 3436 ¹

201 3481 234 3529 21
251 3478 434 3543 compertum.
506 3482 539 3529 28
554 3474 594 3528 ila
609 3476 641 3529 ut
653 3477 683 3529 in
698 3493 732 3531 eo
746 3477 835 3531 lutere
849 3475 1034 3547 conplicatus]
1048 3474 1215 3532 itaeolaiere

202 3544 366 3614 conplictus.
440 3543 611 3612 aliquandiu.
