2609 4017
556 208 774 275 ..68-

101 383 136 433 44
155 370 351 433 acritudinem
373 370 558 451 lippitudinis
578 371 671 432 lenies
690 389 884 450 umoremque
905 371 1040 433 siccabis.
1054 412 1058 418 -
1074 372 1170 433 Cheli-

154 459 240 521 donia
264 459 355 521 herba
380 462 411 520 in
430 459 623 521 hirundinum
649 467 781 522 stercore
805 463 952 542 nascitur,
975 480 1051 540 quae
1075 460 1171 523 oculis

153 547 315 628 plurimum
345 548 536 629 suffragatur,
567 551 693 611 maxime
721 557 820 610 autem
847 549 1003 629 caliginem
1026 550 1171 630 deterget,

153 640 179 697 si
201 637 343 717 paulatim
361 636 430 698 inde
450 637 529 698 oculi
548 637 766 719 suffundantur,
790 656 866 717 quos
885 641 944 699 cito
963 642 995 699 in
1013 641 1171 717 pristinam

100 737 134 788 45
153 724 277 786 lormam
306 734 444 786 revocato
471 728 572 805 vigore
601 726 759 807 reparabit.
804 726 981 789 Hirundinis
1005 728 1198 789 ventriculos

154 816 248 875 scisso
278 814 337 875 albi
352 833 398 875 ac
426 817 505 894 nigri
532 814 670 895 lapisculi
695 817 901 900 inveniuntur,
934 818 986 896 qui
1014 818 1041 877 si
1068 816 1171 896 lupino

154 920 244 963 aureo
267 903 459 965 includantur
483 913 513 965 et
536 903 611 964 collo
636 905 870 986 suspendantur,
894 924 1011 966 omnem
1037 904 1171 966 dolorem

154 991 309 1053 oculorum
333 1001 478 1072 perpetuo
502 1000 649 1075 avertent,
674 992 726 1053 sed
751 1004 780 1055 et
803 1002 907 1055 contra
926 1002 1085 1073 quartanas
1104 1013 1171 1074 pro-

154 1088 224 1142 sunt
253 1099 358 1142 oroceo
386 1081 478 1142 linteo
510 1080 554 1141 val
582 1100 680 1161 panno
708 1081 834 1144 involuti
856 1083 977 1163 linoque
1000 1084 1037 1143 ad
1061 1082 1172 1145 collum

100 1181 135 1231 46
153 1168 294 1231 validiore
318 1173 465 1249 suspensi.
502 1170 567 1251 blel,
591 1173 622 1231 in
646 1190 705 1251 quo
729 1189 800 1250 apes
819 1172 931 1233 luerint
949 1182 1092 1252 mortuae,
1114 1175 1171 1233 uti·
1186 1189 1213 1229 m

154 1257 300 1319 lissimum
329 1266 375 1319 est
402 1259 510 1341 oculis,
538 1261 564 1319 si
591 1259 718 1320 nitidum
747 1279 781 1321 ac
808 1279 918 1339 purum
945 1269 1111 1341 opportune
1141 1270 1171 1322 et

101 1358 135 1408 47
154 1345 295 1426 paulatim
319 1347 502 1410 infundatur.
539 1346 597 1419 Qui
621 1350 760 1410 ciconeae
781 1349 896 1428 pullum
915 1350 1056 1411 elixatum
1074 1368 1172 1411 come·

101 1446 136 1497 48
155 1435 241 1516 derit,
263 1447 389 1515 negatur
407 1436 508 1498 multis
528 1439 612 1497 annis
632 1440 783 1499 coutinuis
801 1456 889 1519 posse
909 1439 1025 1519 lippire.
1061 1437 1171 1500 Hirun·

86 1578 87 1581 ,
154 1522 257 1585 diuum
276 1524 351 1604 pulli
368 1525 455 1604 plena
474 1525 543 1587 luna
563 1535 760 1588 excaecantur
776 1529 974 1608 restitutaque
989 1546 1093 1588 eorum
1108 1530 1171 1589 acie

155 1616 249 1693 capita
274 1612 495 1677 conburuntur:
518 1616 627 1676 borum
646 1617 747 1677 cinere
771 1634 839 1678 cum
862 1616 948 1677 melle
973 1619 1064 1678 mixto
1088 1625 1170 1678 recte
1186 1632 1213 1673 1⁶

101 1714 135 1762 49
154 1721 228 1764 usus
252 1705 345 1765 lucris
368 1705 404 1765 ad
425 1703 619 1785 reparandam
639 1703 794 1765 oculorum
813 1705 1030 1766 claritudinem.
1066 1704 1171 1767 Lacer-

155 1798 214 1853 tam
238 1792 362 1854 viridem
388 1800 573 1855 excaecatam
597 1812 650 1855 acu
676 1811 786 1873 cuprea
805 1796 837 1855 in
855 1813 906 1854 vas
925 1796 1052 1855 vitreum
1070 1797 1173 1856 mittes

155 1899 224 1941 cum
242 1880 338 1942 anulis
357 1884 466 1964 aureis,
485 1884 642 1963 argenteis,
662 1882 768 1943 ferreis
787 1891 817 1943 et
831 1882 992 1964 electrinis,
1012 1884 1173 1966 siluerint,

155 1976 207 2030 aut
234 1971 322 2029 etiam
351 1973 483 2051 cupreis,
511 1969 618 2032 deinde
648 1989 699 2031 vas
727 1970 866 2052 gypsabis
889 1980 941 2033 aut
963 1971 1084 2033 claudes
1107 1972 1172 2033 dili·

155 2064 260 2136 genter
283 2064 372 2137 atque
396 2057 526 2137 signabis
550 2068 580 2120 et
602 2067 671 2138 post
692 2063 829 2139 quintum
849 2060 894 2121 rel
913 2062 1073 2140 septimum
1092 2061 1171 2123 diem
1186 2075 1215 2113 2⁰

155 2148 284 2227 aperies,
313 2146 452 2207 lacertam
481 2149 560 2208 sanis
587 2147 750 2209 luminibus
777 2151 924 2230 invenies,
955 2167 1044 2229 quam
1076 2152 1172 2211 vivam

156 2236 297 2316 dimittes,
316 2235 412 2297 anulis
432 2243 535 2298 contra
549 2236 756 2317 lippitudinem
770 2240 811 2299 ita
826 2240 929 2320 itteris,
948 2246 981 2299 ut
1000 2257 1060 2299 non
1075 2238 1172 2300 solum

156 2323 249 2409 digito
273 2332 435 2407 gestentur,
459 2326 511 2387 sed
535 2330 622 2386 etiam
642 2325 737 2387 oculis
756 2326 893 2387 crebrius
912 2326 1107 2408 adplicentur,
1131 2330 1172 2389 ita

156 2420 190 2473 ut
216 2430 271 2492 per
299 2412 431 2475 loramen
459 2413 540 2475 anuli
566 2416 648 2476 visus
672 2418 899 2476 transmittatur.
946 2415 1172 2478 Observandum

157 2518 227 2562 sanc
250 2503 400 2586 inprimis,
423 2511 457 2564 ut
484 2506 515 2564 in
538 2502 604 2564 loco
627 2502 722 2564 nitido
746 2511 835 2583 atque
855 2503 981 2565 herbido
1005 2504 1172 2584 deponatur
1186 2518 1215 2559 25

157 2591 298 2673 ampulla,
326 2599 356 2653 et
384 2610 451 2653 cum
477 2592 587 2653 lacerta
610 2591 761 2673 discessit,
790 2599 854 2653 tum
877 2592 958 2653 anuli
981 2593 1172 2676 colligantur3

158 2678 373 2742 observandum
402 2683 504 2761 etiam,
532 2690 566 2742 ut
592 2681 663 2743 luna
687 2688 798 2761 vetere,
827 2681 857 2741 id
888 2690 935 2741 est
962 2701 977 2741 a
1001 2682 1071 2743 luna
1094 2702 1173 2744 nona

157 2768 271 2830 decima
294 2772 325 2830 in
342 2771 533 2830 vicensimam
552 2771 694 2850 quintam,
718 2770 764 2829 die
785 2770 861 2830 lovis
881 2769 1051 2849 Septembri
1069 2790 1172 2833 mense

159 2860 292 2935 capiatur
319 2855 427 2918 lacerta
456 2866 544 2937 atque
572 2860 612 2918 ita
635 2858 800 2918 remedium
823 2859 887 2940 fiat,
916 2860 968 2920 sed
993 2858 1029 2920 ab
1052 2860 1172 2923 homine

105 2956 139 3007 50
158 2946 283 3005 maxime
312 2963 388 3023 puro
415 2953 504 3025 atque
533 2953 623 3005 casto.
668 2945 787 3007 Lacerti
813 2947 917 3008 viridis
940 2966 1028 3027 quem
1055 2952 1173 3029 ceperis
1186 2964 1215 3005 co

159 3033 206 3093 die
234 3032 310 3092 lovis
343 3033 412 3095 luna
444 3041 544 3095 vetere
577 3052 679 3095 mense
708 3034 876 3116 Septembri
904 3048 955 3097 aut
982 3038 1071 3098 etiam
1099 3057 1171 3119 quo·

159 3140 286 3201 cumque
310 3122 366 3183 aliu
390 3122 492 3183 oculos
516 3140 603 3183 erues
627 3142 682 3184 acu
706 3143 815 3203 cuprea
839 3133 869 3185 et
892 3127 970 3186 intra
993 3124 1102 3187 bullam
1126 3127 1174 3188 vel

159 3210 293 3290 lupinum
317 3228 440 3272 aureum
463 3211 584 3273 claudes
607 3211 742 3292 colloque
766 3213 944 3293 suspendes:
974 3216 1054 3293 quod
1078 3234 1172 3277 reme·

160 3299 240 3360 dium
260 3299 400 3379 quamdiu
419 3308 518 3363 tecum
539 3299 688 3382 habueris,
707 3301 809 3363 oculos
828 3321 887 3364 non
907 3302 1029 3363 dolebis.
1065 3303 1172 3365 Lacer-

232 3442 245 3488 1
266 3435 405 3491 celidonis
467 3442 483 3490 2
502 3437 689 3492 harundinum
706 3438 759 3503 (oio
775 3441 906 3506 caepisse).
974 3445 1005 3493 ll
1026 3441 1173 3509 oportuno.

161 3504 342 3561 iocinerum.
395 3512 427 3562 lo
442 3512 506 3577 poet
520 3508 718 3564 claritudinem
732 3509 796 3565 add.
811 3508 971 3566 sedandam.
1025 3515 1058 3565 18
1072 3510 1172 3566 anolia.

161 3582 193 3631 19
213 3576 352 3647 cypsabis.
425 3584 459 3633 25
478 3576 648 3649 deponatur]
667 3577 844 3635 defundatur.
