2609 4017
493 184 731 248 -239-

93 346 181 405 intra
204 346 349 423 parietem
372 344 541 407 dormitorii
560 346 691 407 cubiculi
709 348 844 428 tectorio,
868 347 897 407 id
917 355 962 409 est
982 349 1117 431 capsella,

92 432 238 495 inclusus
262 436 418 513 reponitur
442 444 472 495 et
496 435 625 514 desuper
648 441 695 496 ter
717 438 821 495 novies
845 438 988 514 signatur.
1026 437 1116 517 Splen
1135 450 1170 498 48

93 525 213 583 viventi
228 523 325 584 catulo
340 530 495 602 exemptus
511 524 646 605 ciboque,
665 524 717 584 sed
737 533 839 585 coctus
859 524 1015 605 splenitico
1030 527 1118 587 datus

93 614 252 691 ignoranti
270 611 378 673 liberat
396 630 464 673 eum
484 615 618 692 quamvis
637 616 767 693 graviter
784 612 977 675 laborantem.
1007 615 1118 677 Sedant

63 700 188 761 alienis
217 700 349 761 dolorem
378 701 494 762 radices
521 702 614 762 violae
641 702 753 782 luteae,
787 704 813 762 si
846 722 882 763 ex
910 712 994 765 aceto
1023 704 1118 783 spleni

94 792 164 850 vioe
190 790 344 869 emplastri
366 790 561 868 adponentur.

191 878 355 939 Tamariois
378 878 510 940 radicem
532 878 579 940 vel
604 878 676 939 lolia
699 882 770 940 trita
794 898 830 939 ex
853 890 936 941 aceto
960 880 1042 941 bibat
1065 883 1117 960 qui
1135 892 1170 940 49

93 968 135 1027 de
167 966 271 1047 splene
299 967 428 1048 laborat,
456 970 543 1029 cuius
575 986 663 1029 usum
692 970 718 1029 si
746 971 877 1047 experiri
905 970 1051 1050 volueris,
1082 969 1118 1029 da

94 1075 193 1136 porco
222 1056 366 1117 edendam
393 1075 448 1135 per
475 1057 540 1117 dies
563 1075 683 1139 novem3
707 1075 775 1118 oum
799 1075 866 1118 eum
893 1057 1025 1139 occides,
1054 1061 1118 1119 sine

52 1158 81 1197 1⁰
97 1145 207 1225 splene
230 1147 372 1206 invenies

191 1233 315 1295 Lacerta
337 1234 441 1295 viridis
462 1236 526 1294 riva
546 1236 672 1296 inustio
692 1234 840 1314 splenitioi
859 1242 926 1296 ante
946 1234 1117 1296 cubiculum
1136 1245 1170 1294 50

97 1325 167 1384 eius
192 1322 385 1401 suspenditur
408 1325 463 1403 ita,
492 1330 525 1383 ut
553 1322 719 1401 procedens
747 1332 778 1385 et
800 1324 920 1385 rediens
949 1343 1013 1385 eam
1041 1343 1117 1384 sem-

96 1430 156 1492 per
186 1430 277 1472 manu
309 1414 430 1473 sinistra
463 1419 492 1471 et
525 1414 621 1490 capite
652 1414 817 1493 contingat3
850 1432 908 1492 quo
937 1414 1014 1474 lacto
1042 1416 1117 1474 mire

97 1502 136 1561 ad
167 1502 324 1561 sanitatem
351 1502 495 1580 proficiet.
541 1499 669 1560 Herbam
694 1501 879 1562 urceolarem
907 1504 937 1562 in
967 1520 1041 1581 aqua
1069 1501 1119 1561 de·
1137 1511 1171 1559 51

55 1602 82 1643 1⁵
98 1597 219 1651 coctam
247 1589 281 1649 da
310 1588 423 1650 lienoso
452 1608 520 1650 oum
550 1588 614 1649 oleo
638 1597 669 1649 et
692 1589 852 1669 liquamine
876 1590 1119 1669 manducandam,

96 1681 178 1739 mire
203 1676 369 1739 subvenies.

193 1765 398 1847 sisymbrium,
417 1766 607 1845 absinthium,
632 1774 779 1845 nepetam,
798 1766 983 1827 marrubium
1002 1766 1118 1845 aequali
1136 1776 1170 1824 aa

97 1873 244 1916 mensura
272 1864 354 1916 aceto
382 1863 530 1915 macerata
557 1858 646 1916 terito
675 1862 706 1915 et
728 1854 815 1915 melle
839 1856 942 1935 mixta,
973 1855 1025 1915 sed
1049 1873 1118 1915 cum

99 1945 224 2023 polenta
250 1945 356 2005 hordei
383 1944 499 2004 modica
527 1946 636 2023 inpone
664 1943 736 2004 lieni
762 1944 915 2023 emplastri
936 1944 1038 2024 modo,
1067 1962 1117 2023 po-

58 2046 85 2086 20
101 2041 204 2095 tenter
227 2032 393 2094 medebere.
435 2032 569 2093 Hederae
597 2032 665 2093 lolia
693 2041 796 2095 tenera
821 2032 929 2094 tundes
953 2052 1118 2114 sucumque
1137 2043 1171 2091 53

101 2124 170 2183 eius
200 2140 267 2182 cum
297 2124 364 2182 rino
393 2130 512 2182 austero
541 2121 654 2182 lienoso
678 2124 778 2184 ieiuno
802 2141 856 2202 per
878 2121 1011 2183 triduum
1033 2124 1119 2202 potui

101 2210 198 2271 dabis.
239 2210 339 2270 Filicis
361 2209 493 2270 radicem
516 2216 634 2270 tunsam
657 2212 783 2289 inpones
806 2212 877 2272 lieni
900 2230 969 2271 cum
992 2213 1173 2291 axungiam

100 2306 205 2360 vetere
230 2316 353 2377 eamque
377 2298 507 2360 radicem
530 2299 701 2360 mundatam
725 2319 761 2360 ex
784 2318 860 2379 aqua
884 2300 920 2361 ad
944 2302 1047 2360 tertias
1069 2301 1118 2361 de-

104 2406 220 2467 coques
252 2390 306 2468 ita,
338 2395 373 2448 ut
406 2387 485 2466 quod
517 2387 552 2447 de
586 2391 715 2448 sextario
748 2388 905 2449 decoctum
937 2390 1121 2465 superfuerit

61 2490 89 2531 aa
104 2496 161 2557 per
185 2475 316 2536 triduum
341 2494 409 2536 cum
430 2475 556 2555 oxymeli
575 2484 626 2537 aut
644 2495 728 2536 mero
748 2484 867 2536 austero
886 2478 986 2536 ieiuno
1005 2477 1118 2537 lienoso

102 2567 189 2644 potui
213 2564 313 2645 detur3
338 2582 486 2625 summum
509 2563 675 2625 remedium
699 2566 758 2625 cito
782 2566 954 2642 experieris,

194 2653 238 2713 ald
267 2653 378 2733 splenis
406 2653 538 2713 dolorem
566 2652 732 2713 remedium
761 2656 915 2731 egregium
938 2654 994 2712 sio:
1028 2651 1117 2721 Quin·
1137 2664 1172 2715 55

104 2761 164 2821 que
183 2744 280 2821 capita
298 2742 355 2802 alei
374 2741 531 2820 diligenter
549 2743 581 2802 in
602 2760 694 2820 grana
711 2744 830 2821 purgati
848 2760 903 2820 per
921 2740 985 2800 dies
1003 2748 1118 2819 septem

104 2831 219 2891 lienoso
242 2830 446 2892 manducanda
470 2829 566 2912 dabis,
592 2833 634 2891 ita
662 2839 696 2891 ut
719 2832 815 2908 primo
839 2831 886 2891 die
910 2848 1000 2908 grana
1023 2828 1119 2889 XXXI

63 2934 90 2973 ³0
106 2920 242 2981 comedat
268 2922 400 3001 ieiunus,
429 2918 559 2980 secundo
587 2920 635 2980 die
663 2937 753 2998 grana
777 2918 864 3000 XXV,
891 2921 981 2979 tertio
1004 2917 1119 3000 XVllll,

106 3015 212 3089 quarto
241 3006 300 3089 XV,
331 3010 434 3087 quinto
468 3006 521 3087 Xl,
552 3017 635 3070 sexto
663 3007 754 3090 Vllll,
787 3012 912 3088 septimo
940 3007 1003 3090 Vll,
1036 3008 1119 3069 bibat

104 3107 204 3159 autem
228 3096 381 3157 conditum
405 3099 476 3157 satis
499 3098 681 3177 piperatum3
710 3116 768 3176 quo
797 3097 874 3159 lacto
899 3116 985 3158 omne
1008 3098 1119 3158 malum

104 3205 158 3265 per
187 3193 323 3247 ventrem
351 3186 479 3266 digeret3
507 3186 558 3246 sed
587 3193 618 3246 et
644 3204 751 3265 porros
779 3187 915 3247 comedat
942 3194 1010 3246 ante
1040 3185 1118 3245 diem

195 3346 210 3392 1
230 3339 259 3393 id
279 3340 323 3395 est
342 3338 465 3411 capsella
483 3355 533 3394 om.
553 3339 645 3407 Pttc.,·
667 3340 781 3394 delenda
800 3339 866 3394 baec
883 3340 965 3393 uerba
982 3339 1118 3393 uideatur.

105 3414 121 3464 ὅ
141 3416 205 3466 ante
222 3410 306 3467 lienis
325 3412 389 3467 add.
408 3428 433 3466 a.
507 3415 538 3464 11
558 3410 588 3463 in
607 3410 694 3481 ostio]
712 3408 743 3463 in
762 3409 819 3463 olla
836 3409 915 3464 Plio.
986 3408 1118 3463 eubilum.

107 3488 141 3535 14
159 3498 269 3551 aquam.
376 3487 408 3536 17
429 3480 609 3536 sisimbrium.
715 3486 749 3535 26
768 3478 918 3549 experieris
936 3481 1048 3548 scripsi:
1071 3494 1118 3533 ex-

104 3553 229 3621 petierit.
302 3558 336 3607 33
354 3552 465 3621 digerit.

1173 3746 1271 3873 Γ
