2609 4017
553 130 772 194 „24-

156 294 289 377 quidam,
313 312 381 355 cum
405 292 560 354 oculorum
583 292 800 353 lacrimantium
825 300 958 352 reumate
982 310 1085 353 carere
1109 310 1175 353 non

154 391 270 464 posset,
300 383 464 462 productus
492 389 538 442 est
569 383 601 442 in
631 381 761 442 medium
796 388 975 442 conventum
1007 379 1174 442 multorum

155 473 353 551 spectantium
373 471 565 531 medicorum.
600 469 744 540 Quicum
763 472 916 549 inspectus
935 470 971 530 ab
989 470 1036 530 his
1055 470 1174 551 luisset,

156 561 297 622 dixerunt
325 561 353 619 ei
375 558 531 640 palpebras
553 559 645 620 incidi
673 558 794 639 debere,
823 558 958 620 comburi
986 561 1075 620 etiam
1099 560 1174 619 emi·

156 651 290 709 cranium
315 655 344 708 et
367 667 434 709 raso
458 650 553 727 capite
577 666 667 708 venas
690 650 794 727 secari,
818 647 896 727 quod
918 647 1024 709 Graeci
1046 649 1172 708 artorio-
1186 663 1207 704 c
1287 658 1288 731 t

155 738 268 797 tomein
287 737 403 819 dicunt,
422 738 526 816 inponi
544 738 633 797 etiam
652 735 804 817 escharas,
823 746 854 797 et
872 754 941 798 cum
958 739 1017 797 iam
1031 736 1174 797 omnibus
1287 734 1288 741 ’

155 824 229 886 locis
257 824 443 887 debilitatum
471 832 501 886 et
530 828 727 887 cauteriatum
756 836 846 905 caput
877 824 1002 885 haberet
1035 824 1173 904 nihilque

156 916 184 975 ei
207 922 364 996 tormenta,
385 933 460 994 quae
479 914 628 975 desiderio
647 916 781 975 sanitatis
799 917 946 993 patienter
965 914 1082 994 tulerat,
1101 931 1172 992 pro-

156 1002 291 1084 fuissent,
315 1002 442 1064 deilebat
465 1002 603 1063 omnibus
626 1002 831 1064 infelicitatem
854 1021 946 1065 suam.
978 1002 1013 1063 ln
1031 1002 1172 1064 ultimum

155 1091 229 1152 haec
248 1092 284 1152 ab
304 1094 431 1171 egregiis
450 1092 575 1151 medicis
589 1093 709 1152 inventa
723 1093 838 1153 curatio
852 1100 907 1172 est,
926 1098 959 1153 ut
977 1110 1046 1152 cum
1065 1092 1173 1151 dexter
1188 1107 1218 1147 ao

156 1180 260 1242 oculus
288 1180 438 1241 lacrimam
465 1180 617 1262 funderet,
643 1199 717 1241 vena
746 1182 774 1241 ei
801 1180 898 1241 dextri
920 1180 1036 1241 brachii
1058 1179 1172 1240 laxare·

156 1276 220 1330 tur:
239 1287 307 1329 cum
327 1271 456 1350 sinister,
476 1268 613 1330 similiter
632 1272 664 1329 in
678 1271 800 1330 sinistro
815 1268 937 1329 brachio
953 1269 1045 1330 tieret.
1083 1268 1171 1339 Quod

157 1375 226 1418 eum
248 1360 310 1437 pati
333 1361 481 1436 coepisset
504 1359 649 1438 infirmus,
673 1357 749 1419 flens
769 1364 800 1419 et
818 1375 940 1436 gemens
958 1357 1032 1418 illud
1051 1357 1173 1418 Catonis

157 1463 245 1525 saepe
269 1445 399 1509 dicebat:
436 1446 575 1526 Corporis
599 1445 741 1507 auxilium
763 1447 879 1507 medico
906 1448 1057 1508 committe
1080 1445 1172 1506 fideli.

120 1545 137 1593 9
156 1533 219 1614 Ego
248 1544 346 1596 autem
370 1535 450 1597 dico:
478 1543 508 1596 et
530 1538 635 1614 perito.
673 1534 781 1596 Restiti
802 1538 895 1615 igitur
917 1535 964 1596 his
987 1554 1043 1596 nec
1066 1553 1172 1595 venam
1188 1549 1215 1590 15

156 1622 248 1684 laxari
270 1627 394 1704 permisi
418 1643 582 1705 magnoque
607 1624 725 1685 silentio
749 1624 826 1686 lacto
845 1633 982 1685 auctores
1001 1632 1120 1684 nostros
1138 1625 1172 1683 in

155 1713 288 1775 medium
310 1713 423 1793 protuli
446 1734 480 1775 ac
504 1715 627 1775 recitavi
649 1715 770 1793 dixique
794 1714 831 1774 ad
855 1731 920 1775 eos:
957 1712 990 1773 Si
1013 1732 1049 1773 ex
1072 1712 1171 1773 multi-

157 1800 231 1861 lario
256 1808 473 1863 tormentorum
500 1821 609 1882 genere
638 1802 825 1863 miserandus
848 1803 905 1863 iste
929 1802 974 1862 vel
997 1820 1086 1863 unam
1109 1819 1170 1861 me·

156 1888 262 1949 dellam
286 1890 392 1950 fuisset
411 1891 546 1971 adeptus,
570 1892 677 1950 merito
701 1909 753 1951 vos
771 1896 938 1971 pateretur3
960 1890 1013 1951 sed
1033 1908 1101 1951 cum
1119 1908 1171 1951 ne·

157 1995 215 2058 que
239 1979 373 2040 inunctio
398 1997 494 2057 neque
518 1981 624 2040 incisio
650 1996 747 2057 neque
770 1978 928 2040 conbustio
946 1979 1172 2040 inundationem
1185 1994 1215 2035 eo

156 2066 344 2127 lacrimarum
372 2069 537 2147 reprimere
564 2069 708 2149 potuerit,
737 2086 792 2128 cur
818 2068 938 2129 indocte
966 2086 1054 2129 venas
1078 2070 1107 2128 ei
1131 2067 1171 2129 la·

157 2157 220 2215 xari
243 2158 446 2234 praecepistis,
471 2174 539 2218 cum
560 2156 609 2217 hic
631 2158 690 2216 iam
714 2159 895 2218 semianimis
914 2158 1057 2217 visionem
1076 2158 1171 2236 ipsam

157 2244 231 2303 lerri
250 2240 481 2322 perhorrescat?
516 2245 600 2306 Unde
624 2245 748 2306 reddite
763 2245 849 2321 mibi,
871 2247 1083 2325 sapientissimi
1106 2248 1172 2327 viri,

156 2332 318 2393 hodiernae
343 2351 446 2394 causas
470 2335 642 2416 curationis,
666 2352 721 2395 cur
744 2334 835 2395 luerit
855 2334 986 2413 desuper
1004 2333 1108 2395 oculus
1126 2336 1170 2394 in·

157 2422 252 2501 cisus,
285 2440 339 2482 our
370 2441 471 2482 rasum
503 2430 605 2504 caput,
638 2441 694 2483 cur
720 2422 852 2483 meacula
883 2429 988 2484 exusta
1019 2441 1170 2484 venarum.
1184 2437 1212 2477 ao

157 2508 271 2571 Meatus
299 2513 377 2571 enim
406 2513 544 2590 inrigatio
573 2513 598 2571 si
626 2512 742 2572 venerit
770 2512 805 2571 ad
834 2529 869 2572 ea
895 2511 974 2592 loca,
1001 2512 1033 2572 in
1061 2511 1171 2592 quibus

157 2597 285 2660 babebat
308 2599 531 2678 receptaculum
550 2600 734 2661 collectionis
754 2618 834 2681 suae,
853 2619 912 2678 quo
931 2602 1045 2679 impetu
1064 2600 1171 2661 exinde

157 2686 356 2749 descendebat
375 2689 527 2769 deorsum,
554 2707 714 2751 recurrens
738 2707 844 2749 rursus
863 2689 900 2749 ad
918 2689 1030 2749 fontem
1053 2688 1172 2749 cerebri

157 2774 258 2854 ibique
283 2784 506 2856 coangustatus,
530 2796 598 2839 oum
623 2778 737 2837 fervere
759 2779 905 2857 coeperit,
930 2777 1094 2839 verendum
1116 2784 1171 2858 est,

157 2882 195 2924 ne
219 2864 373 2943 perforans
398 2872 497 2925 cutem
520 2883 554 2925 ac
575 2864 760 2943 pertundens
782 2872 895 2926 cratem
918 2868 1024 2945 capitis
1047 2873 1171 2946 generet
1182 2881 1209 2922 eo

228 3074 246 3123 4
264 3069 456 3139 emigranium.
508 3076 523 3125 5
543 3070 755 3127 arteriotomein
771 3071 941 3141 Stephanus:
960 3072 1168 3129 arteriotomon.

158 3148 278 3197 descen.
339 3140 479 3213 omnibus]
499 3142 633 3198 aeonibus
703 3144 905 3199 tcauteritum
926 3150 981 3200 1m.
1037 3150 1069 3198 11
1089 3144 1169 3199 locri·

157 3230 242 3268 mum.
317 3217 350 3266 14
369 3210 506 3267 auxilium
524 3213 694 3285 Stephanus:
713 3214 821 3285 exigue.
892 3220 925 3269 18
944 3215 1095 3269 medellam
1113 3221 1170 3283 Im,

156 3300 232 3339 ocor
250 3284 367 3338 atterum
384 3284 395 3336 l
413 3300 529 3340 mosum.
616 3292 649 3340 19
668 3302 758 3355 neque
777 3285 941 3343 inunctione
960 3304 992 3355 q3
1011 3287 1109 3356 (delet.)
1128 3286 1168 3340 in-

156 3353 296 3421 cisiondq3
324 3354 479 3409 conbustio.
569 3361 603 3410 22
632 3356 768 3411 visionem
795 3362 844 3412 lm
869 3356 1035 3413 incisionem
1063 3362 1115 3413 2m
1138 3358 1169 3411 ta

155 3437 265 3481 rasura.
396 3430 430 3479 23
459 3426 680 3495 perhorrescant.
811 3433 845 3482 28
872 3446 981 3483 rursum
1010 3428 1168 3483 comeus.

157 3502 191 3551 29
211 3497 436 3564 conetgustetus.
519 3503 553 3551 30
572 3513 683 3567 genere.
