2609 4017
568 165 810 230 -328-

182 331 371 408 siccatosque
385 348 419 391 ac
433 336 539 390 tunsos
554 328 600 389 vel
618 328 737 390 molitos
755 347 824 389 cum
842 327 910 388 lelle
928 329 1047 389 taurino
1061 328 1109 389 vel
1123 331 1205 390 ritu·

183 419 244 480 lino
259 417 398 480 miscebis
412 425 442 479 et
456 417 576 496 subiges
595 425 625 478 ei
642 435 698 497 pro
717 416 891 495 malagmate
906 416 942 477 ad
956 419 1050 478 imum
1063 426 1203 479 ventrem

184 507 222 568 ab
240 506 380 569 umbilico
399 507 539 568 deorsum
558 524 663 567 versus
681 508 816 586 inpones.
847 505 922 566 Nam
945 508 972 565 si
993 523 1086 585 super
1103 505 1201 567 umbi·

185 597 276 658 licum
300 597 477 676 inposueris,
501 602 618 657 stercus
641 613 729 655 omne
752 612 874 655 sursum
891 593 1017 674 vocabit,
1035 597 1201 674 inpositum

186 693 285 746 autem
300 683 439 745 deorsum
453 702 558 745 versus
573 693 602 746 et
615 682 706 745 bilem
720 683 857 744 detrahet
870 691 901 744 et
914 685 1052 762 pituitam
1064 683 1201 745 deducet
1218 703 1235 744 s

130 787 166 837 81
276 772 358 834 Sales
377 772 533 834 cathartici
552 775 616 833 sine
635 772 780 834 stomachi
798 774 916 853 iniuria,
934 780 969 833 ut
986 791 1043 832 nec
1058 774 1203 834 intestina

186 860 314 942 doleant,
337 863 525 940 accipiuntur
548 879 601 922 seu
622 863 654 922 in
673 861 798 942 prandio
817 880 885 923 cum
904 879 973 922 esca
991 879 1045 922 seu
1062 863 1096 921 in
1113 877 1204 941 cena3

185 951 213 1010 si
240 957 339 1012 autem
367 953 484 1020 ieiunus
512 951 655 1034 volueris,
686 969 755 1012 oum
784 950 881 1012 mulso
909 951 1037 1028 accipies
1064 949 1204 1011 cocleare

185 1039 317 1118 plenum.
348 1039 563 1119 Conponuntur
582 1041 640 1102 sic:
660 1039 736 1100 Salis
754 1040 929 1100 ammoniaci
943 1071 986 1082 —
1000 1039 1022 1120 1,
1040 1037 1206 1119 zingiberis

186 1130 261 1188 sicci
286 1128 371 1206 -I,
399 1127 502 1189 lasaris
530 1129 639 1189 radicis
665 1162 704 1172 —
725 1126 752 1209 l,
780 1129 946 1190 scamoniae
969 1160 1012 1171 -
1031 1127 1057 1208 I,
1087 1129 1207 1208 piperis
1223 1149 1253 1188 ιο

186 1250 229 1261 -
249 1216 270 1296 I,
294 1215 416 1278 feniculi
435 1219 557 1278 seminis
578 1250 616 1262 -
638 1216 665 1298 13
688 1225 769 1278 teres
788 1218 886 1278 omnia
904 1224 936 1276 et
953 1215 1107 1297 oriblnbis3
1130 1234 1208 1277 sane

186 1323 255 1366 cum
287 1305 431 1384 volueris,
458 1313 492 1366 ut
519 1305 724 1367 vehementius
747 1313 876 1388 moveat,
899 1300 1042 1386 [corbaria
1069 1305 1132 1367 duo
1157 1324 1208 1365 ac-

186 1395 276 1474 cipiat
299 1396 352 1474 qui
374 1392 431 1454 alvi
454 1393 629 1455 difficultate
652 1394 851 1474 torquebitur.

591 1589 671 1649 CdP.
693 1587 798 1649 XXXI.

186 1701 242 1758 Ad
274 1700 329 1757 eni
356 1701 438 1756 vitia
470 1704 504 1756 et
532 1701 670 1756 fistulas
700 1701 833 1770 podicis
861 1704 896 1756 et
922 1699 1210 1758 haemorrhoides

266 1789 417 1846 remedia
444 1789 586 1859 physice
615 1793 650 1845 et
676 1790 890 1846 retionubille
917 1791 1051 1846 diverse
1078 1790 1123 1844 de

570 1879 819 1948 experimentis.

153 2026 168 2074 1
278 2012 384 2092 Lipara
403 2014 439 2074 ad
458 2016 665 2094 intertrigines
683 2023 713 2076 et
731 2015 985 2095 exasperationem
1007 2021 1036 2074 et
1054 2021 1210 2094 tumorem

191 2103 241 2163 ani
268 2103 392 2161 mirifica
421 2104 479 2163 sic:
512 2102 640 2183 Spumae
664 2111 820 2184 argenteae
844 2103 875 2165 P.
894 2102 934 2185 11,
957 2120 1096 2164 cerussae
1119 2101 1154 2164 P.
1173 2101 1211 2182 II,
1226 2123 1254 2162 1⁵

191 2191 270 2251 turis
292 2188 414 2269 pollinis
436 2189 467 2252 P.
486 2191 523 2272 II,
546 2190 684 2252 aluminis
707 2193 771 2252 fissi
788 2191 820 2252 P.
834 2191 856 2272 I,
880 2192 975 2270 adipis
997 2190 1102 2252 suillae
1121 2209 1212 2252 ener-

192 2276 276 2339 vatae
295 2285 415 2339 curatae
434 2279 465 2339 P.
485 2278 520 2362 II,
539 2281 599 2340 vini
618 2283 730 2342 austeri
747 2282 857 2341 veteris
876 2276 908 2340 θ
922 2280 935 2340 l
950 2279 980 2362 S,
998 2297 1084 2340 rosae
1101 2277 1211 2360 818,

192 2367 250 2429 olei
278 2367 383 2428 viridis
407 2367 438 2430 P.
459 2367 487 2428 S.
530 2367 651 2430 Teritur
679 2387 783 2448 spuma
812 2376 842 2429 et
865 2365 1000 2449 cerussa,
1027 2368 1146 2429 alumen
1171 2386 1211 2428 ex

191 2459 260 2518 rino
288 2457 425 2538 diluitur,
453 2457 560 2517 deinde
588 2458 717 2518 adicitur
742 2465 792 2518 tus
819 2459 851 2517 in
875 2456 1029 2537 pulverem
1050 2457 1209 2517 redactum

192 2554 309 2608 etcum
328 2547 459 2625 primum
477 2545 550 2606 haec
569 2545 643 2606 levia
662 2546 738 2606 bene
757 2546 878 2621 fuerint,
897 2546 994 2607 oleum
1014 2552 1044 2605 et
1057 2547 1161 2605 vinum
1177 2554 1209 2605 et
1222 2566 1254 2605 so

192 2635 309 2715 adipem
329 2633 517 2713 liquefactam
537 2653 604 2695 cum
624 2652 692 2694 rosa
711 2652 801 2714 supra
817 2636 928 2715 scripta
942 2636 1065 2694 misceri
1077 2641 1209 2713 oportet

152 2735 170 2784 2
280 2723 388 2803 Lipara
406 2723 472 2784 rusa
491 2723 562 2784 iacit
580 2721 616 2784 ad
635 2723 758 2782 fissuras
777 2725 834 2804 ani,
853 2741 927 2801 quas
941 2722 1085 2802 rhagadas
1099 2721 1207 2783 Graeci

191 2812 304 2892 dicunt,
328 2811 431 2873 eadem
455 2812 490 2873 ad
514 2830 618 2874 omncs
641 2811 775 2872 eiusdem
798 2814 892 2889 partis
915 2811 1152 2873 exulcerationes
1177 2819 1207 2871 et

188 2901 260 2960 vitia
289 2898 404 2961 diutina
431 2899 507 2961 bene
536 2901 618 2981 facit,
647 2902 754 2980 accipit
777 2899 863 2961 haec:
894 2901 1023 2980 Spumae
1046 2906 1207 2979 argenteae

188 2986 214 3047 X
243 2985 321 3066 XVI,
354 2991 445 3050 mIsui
476 2991 538 3050 usti
565 2989 591 3049 X
615 2989 665 3070 VI,
697 2991 814 3050 resinae
844 2988 1063 3051 terebinthinae
1091 2987 1206 3068 XXII,
1219 3007 1248 3046 es

188 3095 275 3140 cerae
299 3075 324 3135 X
343 3074 394 3158 VI,
418 3095 555 3139 cerussae
580 3078 605 3138 X
628 3076 706 3158 XVI,
729 3077 895 3138 chalcitidis
919 3087 1003 3139 ustae
1026 3077 1123 3157 XVI,
1147 3077 1206 3138 olei

187 3167 297 3247 myrtei
314 3164 346 3226 P.
365 3165 388 3227 l.
424 3164 529 3227 Omnia
552 3167 712 3246 diligenter
734 3174 874 3228 teruntur
898 3185 967 3228 cum
990 3165 1048 3226 olei
1070 3165 1205 3246 pondere

277 3326 295 3376 4
313 3319 436 3377 uocauit.
508 3323 524 3372 ὁ
544 3318 665 3374 deducih
735 3324 749 3374 i
770 3335 834 3374 cum
853 3335 918 3375 esca
936 3325 986 3374 lm
1004 3320 1130 3374 comesta
1146 3322 1205 3375 2m.

188 3395 223 3445 10
240 3391 373 3445 radicem.
447 3392 597 3446 scamonia.
672 3395 827 3448 stramen.
939 3397 944 3406 '

277 3464 320 3516 tit.
338 3462 557 3516 aemorhoditus.

261 3535 295 3583 14
312 3531 413 3600 lypara
431 3537 456 3586 et
473 3533 513 3586 sic
529 3533 586 3598 fere
598 3547 708 3600 semper.
759 3537 794 3586 25
808 3531 1003 3588 terebintinae.
1049 3536 1085 3587 2⁷
1099 3531 1204 3589 mirtei.
