2609 4017
584 184 803 248 ..20-

331 380 525 451 Cornelios
547 382 673 443 Celsus
696 381 818 442 Pollio
841 380 959 442 Natali
983 400 1005 441 s.
1029 380 1056 440 d.

155 534 170 581 1
279 524 378 585 Lectis
411 523 529 584 duobus
560 524 644 585 libris
681 525 919 603 conpositionum
953 523 1091 596 Graecis,
1123 522 1204 583 Pulli

187 613 308 693 Natalis,
332 630 407 691 quos
431 614 539 672 misisti
561 612 643 693 mibi,
667 621 701 673 ut
723 615 755 673 in
778 611 916 673 Latinum
940 630 1107 673 sermonem
1131 630 1202 673 con-

187 711 345 782 verterem,
367 700 496 761 libenter
518 703 605 781 parui
628 710 697 762 tuae
719 701 873 782 voluntati,
898 701 1003 781 dignos
1026 720 1078 761 eos
1100 702 1202 761 existi-

187 809 286 865 mans,
315 789 424 869 quibus
447 808 569 870 operam
591 790 799 871 inpenderem,
829 792 968 869 quoniam
990 789 1094 869 plenos
1122 789 1201 849 utili·

187 881 257 940 tatis
278 881 415 960 conperi3
437 878 569 958 alioquin
592 896 782 940 excusassem
803 897 860 960 ma,
883 881 1067 958 propositum
1087 877 1231 938 babensc

187 968 263 1028 nihil
284 986 345 1028 non
369 967 491 1047 dignm
516 967 636 1028 sublimi
659 968 860 1028 Romanorum
883 970 1036 1028 maiestate
1062 967 1099 1027 de
1122 967 1201 1028 bono

187 1057 352 1118 medicinae
379 1058 452 1117 artis
480 1055 720 1135 splendidissime
748 1056 881 1117 scribere
908 1057 998 1135 idque
1020 1057 1202 1136 perennitati

187 1155 218 1207 et
240 1146 349 1207 litteris
372 1146 520 1206 mandare.
561 1144 689 1206 Habebit
714 1164 785 1225 ergo
813 1154 844 1206 et
865 1163 1007 1225 praesens
1029 1152 1147 1223 tempus
1171 1152 1202 1204 et

188 1236 289 1296 sutura
316 1236 476 1313 posteritas
503 1237 536 1294 in
563 1234 620 1295 boo
648 1241 811 1314 perpetuae
844 1234 1005 1295 voluntatis
1036 1252 1118 1294 meae
1148 1252 1200 1293 cu·

189 1342 299 1403 raeque
318 1325 520 1401 gratissimum
538 1342 657 1403 munus,
679 1324 826 1402 siquidem
845 1323 923 1383 bona
940 1322 1108 1383 valetudine
1127 1322 1247 1381 nihil10

154 1419 236 1473 aest
258 1410 401 1491 pulcrius,
442 1411 516 1471 Dedi
539 1418 638 1472 autem
661 1430 784 1491 operam
811 1420 951 1492 quantam
978 1414 1076 1491 potui,
1103 1419 1138 1471 ut
1164 1411 1202 1471 ad

188 1501 314 1562 verbum
341 1500 549 1581 transferrem,
578 1518 653 1579 quae
681 1502 713 1560 in
736 1500 857 1561 Graecis
884 1500 1108 1561 medicinalibus
1136 1518 1204 1578 rep·

190 1592 268 1671 peri,
292 1608 347 1650 nec
371 1591 570 1650 necessariam
594 1607 697 1649 curam
722 1588 821 1651 cultus
839 1591 983 1649 orationis
1000 1590 1110 1669 putavi,
1133 1591 1204 1667 quia

190 1681 303 1740 rectius
331 1678 401 1738 duxi
430 1681 629 1758 proprietates
657 1680 812 1739 nominum
840 1678 930 1739 edere
956 1686 988 1738 et
1015 1696 1078 1738 rem
1102 1695 1204 1737 veram
1292 1719 1293 1752 ,

190 1767 246 1828 sub
278 1766 439 1828 herbarum
472 1770 698 1846 peregrinarum
725 1765 876 1827 vocabulis
905 1765 1063 1847 explicare.
1103 1766 1204 1825 Unum
1217 1762 1264 1820 15'
1292 1767 1293 1848 ᾗ

190 1874 284 1934 genus
308 1856 402 1915 fateor
425 1874 473 1915 me
496 1855 700 1916 translationis
722 1855 760 1915 de
780 1855 927 1916 industria
946 1855 1119 1935 declinasse,
1142 1873 1203 1933 quo
1292 1851 1293 1940 l

190 1944 253 2003 lere
277 1942 382 2003 Graeci
404 1949 531 2003 utuntur
553 1946 585 2003 in
609 1944 895 2005 medicamentorum
914 1946 1081 2025 scripturis,
1104 1944 1204 2003 omnia
1292 1951 1293 1984 r

191 2032 227 2092 ad
250 2032 411 2092 secundam
435 2049 592 2110 personam
616 2032 800 2110 derigentes:
823 2051 877 2112 ego
897 2052 968 2093 vero
986 2035 1018 2092 in
1036 2050 1124 2093 usum
1141 2050 1204 2092 me·
1292 2009 1293 2060 l

191 2122 436 2200 dicamentcrum,
455 2138 530 2198 quae
552 2120 641 2201 edidi,
660 2123 768 2181 ominis
786 2122 858 2182 boni
875 2123 970 2202 gratia
987 2120 1097 2181 nullam
1112 2120 1205 2181 malui
1292 2131 1293 2164 t

191 2227 280 2289 quam
306 2210 451 2269 infinitam
478 2211 613 2269 inserere
645 2228 817 2291 personam,
848 2210 1112 2290 admoneremque,
1144 2211 1205 2269 nisi
1219 2223 1246 2262 2⁰
1292 2221 1293 2278 t

192 2307 308 2360 certum
331 2296 472 2357 haberem
495 2304 525 2357 te
545 2315 606 2357 non
625 2301 772 2380 ignorare,
794 2318 842 2359 me
860 2299 1032 2359 huiusmodi
1050 2298 1127 2358 bona
1146 2301 1204 2358 uti·

156 2387 284 2448 utitatis
312 2388 406 2463 magis
434 2403 523 2463 quam
550 2385 757 2447 delectationis
780 2406 869 2448 causa
892 2390 1058 2467 scripsisse.
1098 2386 1206 2447 Graeci
1292 2389 1293 2448 i

191 2475 298 2536 medici
312 2473 446 2553 pondera
460 2473 744 2535 medicamentorum
758 2476 795 2536 ad
809 2477 945 2555 dragmas
959 2476 1112 2556 redigunt3
1128 2493 1205 2553 quae

192 2566 260 2644 quia
284 2562 321 2624 ad
344 2563 500 2624 denarium
527 2570 665 2624 nostrum
688 2567 878 2646 conveniunt,
901 2566 1050 2644 octoginta
1073 2566 1152 2625 enim
1174 2571 1206 2625 et

191 2661 333 2732 quattuor
356 2655 387 2712 iu
410 2651 517 2711 libram
538 2654 708 2733 incurrunt,
731 2672 786 2731 pro
809 2661 879 2713 nota
902 2652 1031 2714 Graecae
1054 2652 1203 2733 dragmae,
1218 2664 1244 2705 2⁵

192 2760 268 2820 quae
284 2748 331 2802 est
345 2740 439 2817 figora
453 2738 521 2799 talis
535 2738 587 2819 <,
606 2749 706 2801 notam
721 2742 837 2801 denarii
849 2740 992 2821 Latinam,
1014 2760 1101 2821 quam
1115 2744 1205 2821 nosti,

192 2831 288 2910 posui,
310 2828 340 2888 id
365 2836 411 2888 est
433 2828 510 2887 banc
534 2827 568 2907 il,
592 2837 621 2888 et
644 2829 681 2889 ad
704 2832 770 2890 eius
787 2830 904 2908 pondus
923 2829 1050 2891 Graecas
1068 2830 1205 2908 dragmas

193 2917 319 2997 redigas.
354 2914 392 2975 Et
411 2917 550 2995 quoniam
570 2935 645 2995 quae
665 2917 744 2978 volui
761 2918 912 2997 praetatus
931 2937 1006 3001 sum,
1029 2937 1109 2979 nunc
1128 2937 1205 2997 quae

194 3005 345 3067 desideras
368 3002 530 3083 explicabo.

265 3190 447 3262 aquoniam]
467 3191 522 3259 qni:
542 3210 612 3262 quoa
632 3192 791 3251 Carnarius.
882 3195 948 3249 tui
965 3213 1010 3249 me
1028 3193 1205 3264 propositum
1292 3197 1293 3200 ’

194 3263 312 3318 haberet
322 3262 482 3319 Oormrius.
529 3270 562 3319 10
577 3264 797 3321 valetudinelm
811 3265 1029 3322 valitudinem
1069 3272 1101 3319 11
1118 3282 1205 3334 quan·

195 3333 435 3391 saucomarias.
491 3340 525 3389 18
539 3336 697 3405 derigentes
716 3341 766 3392 lm
783 3336 936 3406 didgontes
950 3343 1002 3393 2m
1054 3335 1205 3391 momnis.

196 3405 303 3460 nullam
322 3422 372 3461 om.
428 3409 462 3458 23
481 3405 640 3476 dragbmas.
700 3412 735 3461 26
753 3407 915 3475 dragbmae.
978 3413 1012 3462 26
1030 3419 1057 3463 <
1079 3424 1141 3477 ego:
1159 3408 1204 3461 ·Z·.

195 3482 230 3531 28
249 3476 394 3547 quoniam]
413 3474 469 3545 fini.
559 3482 593 3531 29
611 3476 689 3531 Finit
706 3478 828 3547 epistula
846 3477 928 3533 Celsi.
964 3477 1069 3549 Incipit
1086 3477 1206 3547 epistula

107 3548 221 3647 -V
223 3546 356 3603 indicaui
370 3548 481 3603 comitis
492 3547 694 3603 archiatrorum
708 3548 745 3602 ad
754 3548 985 3603 Valentinianum
998 3550 1204 3619 imperatorem.
