2609 4017
508 186 729 249 ...41-

109 348 192 410 bitur
215 349 244 409 ci
266 365 352 409 rosae
376 355 406 408 et
428 349 506 408 aceti
530 347 608 427 quod
632 349 704 409 satis
728 350 781 430 sit3
805 348 863 409 boc
885 350 966 409 enim
988 350 1124 411 mirabile

109 438 368 499 medicamentum.
407 435 529 498 cerebri
553 435 681 518 dolores,
703 456 740 499 ex
764 436 873 517 quibus
896 440 985 499 etiam
1009 438 1160 500 subitaea

108 529 272 606 vertigines
290 528 437 605 oriuntur,
456 525 607 607 discuties,
626 527 653 587 si
670 526 769 606 planta
784 525 881 588 ulmea
895 535 986 606 caput
999 530 1125 589 circum-

109 616 248 695 ligaveris
275 623 364 695 atque
393 616 433 674 ita
462 622 622 675 coronatus
647 615 747 676 triduo
771 614 941 678 dormieris:
969 625 1126 695 expertum

82 713 166 765 sest.
205 703 328 765 Veteres
351 702 469 763 dolores
492 704 598 782 capitis
622 712 651 764 et
674 706 837 782 vertigines
860 707 920 766 cito
945 705 1161 787 emendabis‚s

110 796 138 855 si
160 792 247 854 betae
270 795 373 871 nigrae
396 810 468 853 suco
492 800 626 871 tempora
649 792 794 873 perlinas3
822 794 900 853 idem
928 802 1060 873 praestat
1081 796 1125 855 in·

110 882 168 943 tibi
191 900 290 961 sucus,
314 884 340 941 si
358 899 426 942 cum
446 899 568 943 rosaceo
592 881 658 942 oleo
682 889 712 942 et
735 890 819 942 aceto
838 884 949 943 mixtus
969 885 1060 963 capiti
1082 885 1126 943 in-

110 971 231 1032 linatur.
272 970 316 1030 ld
344 971 521 1049 vertiginem
549 969 724 1031 abolendam
751 970 991 1032 efficacissimum
1014 980 1073 1054 est,
1100 973 1162 1031 sit

110 1058 290 1120 abrotonum
322 1060 426 1119 tritum
458 1061 490 1119 in
518 1061 579 1120 vini
611 1061 732 1140 potione
764 1059 899 1138 tepidum
930 1059 1051 1121 bibatur
1081 1059 1128 1120 vel

69 1167 96 1207 ro
111 1166 182 1209 cum
206 1146 333 1227 oxymeli
356 1165 415 1207 non
434 1149 497 1209 acri
515 1150 687 1228 accipiatur.
728 1147 843 1219 Quibus
866 1150 1029 1227 vertigines
1051 1149 1163 1210 fiuntc

98 1245 164 1298 -aut
180 1235 288 1315 quibus
302 1253 386 1296 mens
401 1235 625 1315 perturbatione
640 1239 746 1317 capitis
762 1237 917 1316 alienatur,
936 1237 1053 1299 cocleae
1068 1241 1127 1299 sin-

111 1325 200 1404 gulae
224 1326 369 1386 contritae
392 1327 520 1387 muiores
544 1344 612 1387 cum
632 1328 695 1387 suis
713 1328 799 1387 testis
817 1344 854 1386 es
872 1326 967 1387 calide
983 1328 1066 1406 passi
1085 1324 1129 1387 vel

111 1413 227 1475 deiruti
248 1415 367 1493 potione
391 1413 475 1475 datae
499 1414 606 1476 diebus
623 1413 762 1495 plurimis
780 1422 916 1496 prosunt,
940 1417 965 1476 si
988 1425 1056 1496 post
1074 1416 1127 1477 tri·

111 1503 207 1564 duum
226 1504 399 1563 continuum
418 1504 628 1581 interpositum
648 1505 759 1564 iterum
776 1503 914 1583 plurimis
932 1504 1039 1565 diebus
1053 1506 1128 1565 acci·

67 1610 95 1652 1s
110 1594 242 1672 piantur.
278 1589 337 1660 oui
350 1609 440 1651 unam
454 1591 584 1653 cocleam
598 1594 741 1653 maiorem
757 1595 946 1653 semicoctam
966 1592 1130 1654 comederit
1148 1605 1164 1654 6

112 1680 161 1742 die
185 1681 291 1761 primo,
314 1682 453 1759 sequenti
476 1680 562 1755 duas,
585 1682 676 1741 tertio
699 1688 772 1760 tres,
794 1692 900 1759 quarto
921 1680 1004 1760 duas,
1022 1683 1127 1759 quinto

112 1786 215 1849 unam,
238 1768 402 1829 remedium
422 1770 593 1849 experietur
618 1787 680 1829 non
699 1767 795 1830 solum
814 1769 851 1829 ad
870 1770 1054 1851 vertiginem,
1077 1769 1129 1829 sed
1237 1819 1241 1827 .

112 1860 203 1919 etiam
227 1857 263 1918 ad
288 1858 416 1937 suspiria
439 1864 469 1919 et
493 1860 619 1919 vomitus
642 1857 775 1937 prodest.
816 1856 998 1936 vertiginem
1022 1859 1163 1937 capitist

113 1946 214 2007 abolet
241 1948 407 2007 vettonicae
440 1945 600 2008 fasciculus
627 1964 697 2009 cum
728 1965 804 2025 aqua
836 1946 929 2007 nitida
962 1946 998 2007 ad
1025 1949 1129 2008 tertias

70 2053 99 2094 eo
115 2041 258 2097 excoctus
282 2042 333 2096 aut
355 2036 415 2113 apii
437 2035 540 2096 viridis
564 2036 725 2097 lasciculus
748 2054 817 2097 cum
838 2045 905 2097 ture
924 2035 1062 2097 similiter
1080 2036 1129 2097 de·

113 2132 220 2185 coctus
243 2131 273 2184 et
296 2140 333 2183 ex
351 2122 446 2184 mulsa
464 2142 540 2203 aqua
558 2125 659 2204 tepida
677 2133 805 2203 potatus.
838 2124 1014 2204 Hyoscpami
1031 2143 1128 2185 ramu·
1147 2136 1163 2185 8

113 2212 233 2274 sculum
260 2213 291 2271 in
318 2228 412 2291 aquae
440 2215 577 2274 sextariis
607 2213 705 2274 tribus
734 2231 829 2292 usquc
857 2214 893 2273 ad
917 2214 1021 2273 tertias
1044 2213 1129 2273 deco·

46 2344 57 2371 s
113 2319 191 2381 ques
218 2308 248 2361 et
277 2298 361 2362 dabis
388 2318 443 2379 per
468 2301 602 2362 triduum
624 2304 710 2381 potui
733 2304 901 2381 quartarios
924 2300 1057 2379 singulos
1080 2311 1131 2361 aut

114 2391 205 2451 etiam
229 2391 326 2450 minus
345 2407 400 2468 pro
419 2388 593 2451 habitudine
612 2390 659 2451 vel
677 2399 772 2452 aetate
792 2389 837 2450 vel
857 2408 939 2451 sexu.
974 2389 1130 2451 Trifolium
1148 2402 1164 2451 9

70 2494 99 2535 ss
113 2477 249 2559 herbam,
268 2496 343 2556 quae
358 2477 469 2538 Gallice
488 2477 598 2539 dicitur
617 2481 794 2560 visumarus,
817 2498 893 2559 aqua
912 2478 1019 2556 frigida
1035 2496 1131 2539 macc·

114 2574 180 2628 rato
205 2574 235 2626 et
258 2584 321 2627 eam
346 2585 452 2646 aquam
476 2565 581 2627 diebus
606 2567 710 2628 decem
732 2566 840 2656 bibito,
868 2567 921 2627 sed
950 2573 984 2627 ut
1008 2565 1130 2627 herbam

115 2655 224 2717 cotidie
247 2663 354 2717 mutes.
390 2655 466 2735 Misy
488 2654 564 2716 libra
587 2673 646 2715 una
670 2674 739 2716 cum
762 2662 846 2716 aceto
870 2656 933 2715 acri
954 2655 1083 2715 contrita
1101 2662 1132 2714 et
1151 2664 1184 2715 10

116 2745 209 2804 ironti
231 2742 316 2803 inlita
339 2744 516 2805 mirabibter
539 2746 716 2824 vertiginem
739 2742 831 2804 sedat.

538 2884 618 2947 GAP.
641 2884 705 2946 llll.

113 2977 274 3047 Pityriesi
296 2981 332 3033 et
354 2978 514 3049 porrigtnl
536 2993 577 3036 eo
594 2979 761 3050 prurigini
778 2983 884 3051 etque
902 2979 1078 3036 ulceribus
1096 2981 1132 3034 et

319 3066 481 3124 lendibus
503 3071 539 3123 et
560 3068 767 3138 pedunculis
789 3069 917 3140 ospitis.

204 3185 364 3265 Pityriasin
391 3192 421 3245 et
448 3187 616 3264 porrigines
643 3190 763 3268 capitis,
792 3206 867 3268 quae
897 3186 1074 3266 plerumque
1099 3186 1164 3245 ini

73 3308 102 3348 ω
115 3275 281 3353 perniciem
305 3293 337 3335 se
361 3282 549 3354 convertunt,
571 3276 630 3335 nisi
653 3286 838 3358 occurratur,
863 3278 992 3355 perungi
1014 3280 1133 3353 oportet

191 3414 296 3465 leuco.
351 3408 463 3464 mixtos.
520 3409 708 3494 10'oxpmelli.
770 3417 802 3465 12
817 3427 878 3466 con.
934 3414 967 3464 13
982 3408 1058 3479 post]
1073 3424 1131 3477 per.

117 3480 274 3535 niteram
292 3479 467 3549 interpositis
486 3479 627 3550 (plurimrs
645 3484 708 3549 om.)
727 3482 834 3537 diebus.
907 3487 941 3534 22
961 3481 1131 3549 dequoqnev.

118 3556 152 3606 28
172 3550 265 3622 dabis]
284 3552 316 3607 te
333 3552 383 3607 boc
400 3552 511 3607 cedma
529 3552 631 3608 desiuit
648 3554 731 3608 eodem
749 3567 833 3622 capue
851 3553 888 3607 ed
906 3550 967 3622 Vn,
986 3557 1011 3608 4.

1159 3785 1273 3895 Γ,
